Bin#,Source,Item,SKU,Base Price,COGS,Date Listed,Year Month Listed,Platform Sold,Gross Sales,Platform Fee,Shipping,Gross Profit,Net Profit,Date Sold,Year Month Sold,Age of Listing
,Closet,Ann Taylor Floral Peplum Cap Sleeve Blouse,A0007,$0.00 ,$0.00 ,9/17/2019,20199,Poshmark,$15.00 ,$3.00 ,$0.00 ,$12.00 ,$12.00 ,4/15/2021,20214,576
13,Closet,Old Navy Pixie Chino Tan Shorts,A0037,$0.00 ,$0.00 ,9/19/2019,20199,,,,,,,,,1069
14,Closet,Coral infinity scarf,A0043,$0.00 ,$0.00 ,1/20/2020,20201,,,,,,,,,946
14,Closet,Black lightweight infinity scarf,A0046,$0.00 ,$0.00 ,1/20/2020,20201,,,,,,,,,946
14,Closet,Grey patterned infinity scarf,A0048,$0.00 ,$0.00 ,1/21/2020,20201,,,,,,,,,945
14,Closet,Red knit scarf,A0049,$0.00 ,$0.00 ,1/21/2020,20201,,,,,,,,,945
14,Closet,Green & white scarf,A0056,$0.00 ,$0.00 ,1/20/2020,20201,,,,,,,,,946
3,Closet,Francesca's Miami Floral Blouse,A0058,$0.00 ,$0.00 ,2/1/2019,20192,,,,,,,,,1299
12-Nov,Closet,Banana Republic Dress,A0070,$0.00 ,$0.00 ,9/19/2019,20199,,,,,,,,,1069
13,Closet,Express Button Front Shorts,A0076,$0.00 ,$0.00 ,9/17/2019,20199,,,,,,,,,1071
,Closet,NYDJ's Pintuck Pleat Back Blouse,A0084,$0.00 ,$0.00 ,4/4/2021,20214,Poshmark,$20.00 ,$4.00 ,$0.00 ,$16.00 ,$16.00 ,7/10/2021,20217,97
3,Garage Sale,Navy chiffon tunic cold shoulder sleeves,A0088,$2.50 ,$2.50 ,9/14/2019,20199,,,,,,,,,1074
7,Garage Sale,Umgee Boho Pink cold shoulder blouse,A0090,$2.50 ,$2.50 ,9/14/2019,20199,,,,,,,,,1074
,Texas Thrift Store,Chelsea & Violet boho peasant cold shoulder top,A0091,$2.00 ,$2.17 ,9/29/2019,20199,Poshmark,$18.00 ,$3.60 ,$0.00 ,$14.40 ,$12.24 ,4/5/2021,20214,554
,Texas Thrift Store,Boho Navy Embroidered Tank,A0094,$2.09 ,$2.26 ,4/4/2021,20214,Poshmark,$14.00 ,$2.95 ,$2.46 ,$8.59 ,$6.33 ,5/29/2021,20215,55
12-Nov,Texas Thrift Store,Vintage chambray button up dress,A0104,$1.98 ,$2.14 ,4/4/2021,20214,,,,,,,,,506
7,Texas Thrift Store,GAP Fitted Boyfriend Long Sleeve Button Down Up,A0121,$2.49 ,$2.70 ,11/20/2019,201911,,,,,,,,,1007
,Texas Thrift Store,J. Crew The Perfect Shirt Pastel Plaid Button Down,A0122,$1.99 ,$2.15 ,9/30/2019,20199,ThredUp,$0.00 ,$0.00 ,$0.00 ,$0.00 ,($2.15),3/30/2021,20213,547
5,Texas Thrift Store,Poetry white blouse with black cross design,A0123,$1.49 ,$1.61 ,11/13/2019,201911,,,,,,,,,1014
5,Texas Thrift Store,love FIRE blue and orange floral button up tank,A0132,$2.09 ,$2.26 ,11/13/2019,201911,,,,,,,,,1014
5,Texas Thrift Store,BKE Grey long sleeve distressed top,A0134,$2.98 ,$3.23 ,7/12/2021,,,,,,,,,,407
,Texas Thrift Store,Altar'd State Tan/Cream Knit Top/Tunic Boho,A0139,$0.99 ,$1.07 ,11/21/2019,201911,ThredUp,$0.00 ,$0.00 ,$0.00 ,$0.00 ,($1.07),3/30/2021,20213,495
3,Texas Thrift Store,Joie Silk Acacia Dolman Top Striped Neon,A0140,$0.99 ,$1.07 ,11/12/2019,201911,,,,,,,,,1015
12-Nov,Texas Thrift Store,J. Crew Chambray denim short sleeved dress,A0146,$0.99 ,$1.07 ,11/21/2019,201911,,,,,,,,,1006
,Texas Thrift Store,Rare Eric Bompard horse/rabbit Printed Tee,A0153,$2.50 ,$2.71 ,11/20/2019,201911,Poshmark,$30.00 ,$6.00 ,$2.46 ,$21.54 ,$18.83 ,3/28/2021,20213,494
7,Texas Thrift Store,Urban Outfitters X Alternative Apparel Graphic Tee Donkey,A0154,$0.99 ,$1.07 ,7/11/2021,20217,,,,,,,,,408
2,Closet,Lucky Brand Orange Navy Cream Print Long Sleeve Top,A0156,$0.00 ,$0.00 ,2/1/2019,20192,,,,,,,,,1299
3,Garage Sale,Hollister Semi Cropped Blouse,A0162,$2.00 ,$2.00 ,4/5/2021,20214,,,,,,,,,505
,Closet,PIKO 1988 Black Bodycon Long Sleeve Dress,A0174,$0.00 ,$0.00 ,4/4/2021,20214,Poshmark,$15.00 ,$3.00 ,$0.00 ,$12.00 ,$12.00 ,9/9/2021,20219,158
12-Nov,Closet,Rampage Black Bodycon Strappy Cocktail Dress,A0176,$0.00 ,$0.00 ,11/13/2019,201911,,,,,,,,,1014
,Closet,a new day White Cable Knit Pull Over Sweater,A0179,$0.00 ,$0.00 ,11/13/2019,201911,Poshmark,$14.00 ,$2.95 ,$2.12 ,$8.93 ,$8.93 ,1/18/2021,20211,432
10-Sep,Texas Thrift Store,7 for all Mankind Dark Wash Bootcut Jeans,A0183,$0.99 ,$1.07 ,11/15/2019,201911,,,,,,,,,1012
10-Sep,Texas Thrift Store,Fossil Brand Jeans 'Vintage' Style,A0184,$0.99 ,$1.07 ,11/15/2019,201911,Poshmark,$18.00 ,$3.60 ,$0.00 ,$14.40 ,$13.33 ,10/17/2021,202110,702
4,Closet,Poetry Aztec Top,A0187,$0.00 ,$0.00 ,9/14/2019,20199,,,,,,,,,1074
,Garage Sale,Andrea Jovine NWT Chambray sleevless high/low top,A0193,$2.00 ,$2.00 ,9/14/2019,20199,Poshmark,$15.00 ,$3.00 ,$0.00 ,$12.00 ,$10.00 ,3/1/2021,20213,534
10-Sep,Texas Thrift Store,Ann Taylor Loft Curvy Boot Jeans,A0219,$2.50 ,$2.71 ,11/23/2019,201911,,,,,,,,,1004
10-Sep,Texas Thrift Store,GAP Curvy Flare Jeans,A0221,$2.50 ,$2.71 ,11/23/2019,201911,,,,,,,,,1004
WEARING,Thrift City Outlet,american eagle wrap blouse with bell sleeves,A0226,$2.00 ,$2.17 ,WEARING,,,,,,,,,,
2,Thrift City Outlet,Lucky Brand Floral Boho Peasant Top Cream Blue Floral,A0231,$2.00 ,$2.17 ,12/4/2019,201912,,,,,,,,,993
,Thrift City Outlet,American Eagle Floral Ruffle Strappy Tank Pink Grey,A0232,$2.00 ,$2.17 ,12/4/2019,201912,,,,,,,,,993
,Thrift City Outlet,Ralph Lauren Sport Pink White Strip Crew Tee,A0235,$2.00 ,$2.17 ,12/4/2019,201912,Poshmark,$12.00 ,$2.95 ,$2.46 ,$6.59 ,$4.43 ,5/3/2021,20215,516
5,Closet,Ann Taylor Loft Colorful Striped Boatneck Top XS,A0237,$0.00 ,$0.00 ,12/6/2020,202012,,,,,,,,,625
10-Sep,Thrift City Outlet,American Eagle Favorite Boyfriend Stretch Jeans,A0239,$2.00 ,$2.17 ,12/5/2019,201912,,,,,,,,,992
10-Sep,Thrift City Outlet,Kate Spade Saturday Two Toned Skinny Jeans,A0241,$2.00 ,$2.17 ,12/5/2019,201912,,,,,,,,,992
WEARING,Texas Thrift Store,Marc by Marc Jacobs black knit top,A0242,$2.50 ,$2.71 ,12/4/2019,201912,,,,,,,,,993
1,Texas Thrift Store,Pebble and Stone Anthropologie Heather Grey Sweater Wide Sleeves,A0244,$4.00 ,$4.33 ,12/4/2019,201912,,,,,,,,,993
1,Texas Thrift Store,J. Crew Pink Purple Floral Sweatshirt,A0245,$4.00 ,$4.33 ,12/4/2019,201912,,,,,,,,,993
,Texas Thrift Store,Ann Taylor Loft Original Boot,A0246,$0.99 ,$1.07 ,12/5/2019,201912,Poshmark,$15.00 ,$3.00 ,$7.45 ,$4.55 ,$3.48 ,6/5/2021,20216,548
10-Sep,Texas Thrift Store,Lauren Conrad Jeans Dark Wash,A0249,$0.99 ,$1.07 ,12/5/2019,201912,,,,,,,,,992
10-Sep,Texas Thrift Store,7FAM A Pocket Flare Jeans 27,A0250,$0.99 ,$1.07 ,12/5/2019,201912,,,,,,,,,992
10-Sep,Texas Thrift Store,Rock & Republic Midrise Skinny Jeans Floral Design,A0251,$0.99 ,$1.07 ,12/5/2019,201912,,,,,,,,,992
3,Texas Thrift Store,J. Crew white teal navy print top long sleeve,A0254,$0.99 ,$1.07 ,12/4/2019,201912,,,,,,,,,993
,Texas Thrift Store,American Rag Cie brown floral sheer dress,A0256,$0.99 ,$1.07 ,12/4/2019,201912,Poshmark,$18.00 ,$3.60 ,$2.46 ,$11.94 ,$10.87 ,10/16/2021,202110,682
,Texas Thrift Store,Vince Camuto Black Blue Foral Wrap Long Sleeved Top,A0262,$0.99 ,$1.07 ,12/8/2019,201912,ThredUp,$0.00 ,$0.00 ,$0.00 ,$0.00 ,($1.07),3/30/2021,20213,478
,Texas Thrift Store,MICHAEL Michael Kors Navy Black White Print Button Up,A0265,$0.99 ,$1.07 ,1/11/2020,20201,ThredUp,$0.00 ,$0.00 ,$0.00 ,$0.00 ,($1.07),3/30/2021,20213,444
,Texas Thrift Store,Ann Taylor LOFT Dark Grey Utility Jacket,A0274,$4.99 ,$5.40 ,12/8/2019,201912,Poshmark,$20.00 ,$4.00 ,$0.00 ,$16.00 ,$10.60 ,1/17/2021,20211,406
1,Texas Thrift Store,Altar'd State Grey White Lace Knit Sweater,A0276,$1.99 ,$2.15 ,12/9/2019,201912,,,,,,,,,988
10-Sep,Salvation Army,American Eagle Skinny Stretch Jeans,A0278,$3.50 ,$3.78 ,12/8/2019,201912,,,,,,,,,989
7,Salvation Army,The Limited Printed Blouse,A0281,$1.50 ,$1.62 ,12/9/2019,201912,,,,,,,,,988
1,Salvation Army,Ann Taylor White Anchor Nautical Sweater ,A0282,$3.50 ,$3.78 ,12/9/2019,201912,,,,,,,,,988
10-Sep,Closet,LulaRoe Legging aztec boho tribal print one size,A0285,$0.00 ,$0.00 ,12/6/2019,201912,,,,,,,,,991
,Closet,LulaRoe Legging aztec boho tribal print one size,A0286,$0.00 ,$0.00 ,12/6/2019,201912,Poshmark,$20.00 ,$4.00 ,$7.45 ,$8.55 ,$8.55 ,4/7/2021,20214,488
10-Sep,Closet,LulaRoe Legging aztec boho tribal print one size,A0287,$0.00 ,$0.00 ,12/6/2019,201912,,,,,,,,,991
10-Sep,Closet,LulaRoe Legging aztec boho tribal print one size,A0289,$0.00 ,$0.00 ,12/6/2019,201912,,,,,,,,,991
7,Thrift City Outlet,Gianni Bini dolman sleeve colorblock blouse,A0291,$2.00 ,$2.17 ,12/19/2019,201912,,,,,,,,,978
2,Thrift City Outlet,Lucky Brand | Paisley Print Top Boho Hippie Gypsy S,A0293,$2.00 ,$2.17 ,4/3/2021,20214,,,,,,,,,507
1,Thrift City Outlet,Cloth & Stone Anthropologie button down soft denim,A0296,$2.00 ,$2.17 ,12/22/2019,201912,,,,,,,,,975
7,Thrift City Outlet,Michael Michael Kors Lime Green Loose Fit Blouse,A0298,$2.00 ,$2.17 ,12/22/2019,201912,,,,,,,,,975
1,Thrift City Outlet,Maeve by Anthropologie Pink & White Stripe Top,A0299,$2.00 ,$2.17 ,12/23/2019,201912,,,,,,,,,974
3,Thrift City Outlet,STL Cardinals Nike T-Shirt V Neck Baseball Logo,A0300,$2.00 ,$2.17 ,12/23/2019,201912,Poshmark,$18.00 ,$3.60 ,$2.46 ,$11.94 ,$9.78 ,7/28/2021,20217,583
1,Thrift City Outlet,Kaii Los Angeles Summer Tie Front Blouse,A0303,$2.00 ,$2.17 ,12/23/2019,201912,,,,,,,,,974
1,Thrift City Outlet,Francesca's miami long sleeved keyhole scoop neck stripe,A0306,$2.00 ,$2.17 ,12/26/2019,201912,,,,,,,,,971
1,Thrift City Outlet,Zara Faux Wrap Sweater Pullover Grey Plunge,A0309,$2.00 ,$2.17 ,12/26/2019,201912,Poshmark,$20.00 ,$4.00 ,$0.00 ,$16.00 ,$13.84 ,10/25/2021,202110,669
1,Goodwill Austin Hwy,Lucky Brand Paisley Boho Hippie Gypsy Long Sleeve Top,A0314,$4.79 ,$5.19 ,12/26/2019,201912,Poshmark,$20.00 ,$4.00 ,$0.00 ,$16.00 ,$10.81 ,7/29/2021,20217,581
N/A,Thrift City,BASS Congac Ankle Booties Slip On Heel Pointed Toe Absolute Leather,A0316,$7.57 ,$8.19 ,1/6/2020,20201,,,,,,,,,960
7,Thrift City,Lauren Conrad Daisy Floral Knit Crocheted Top,A0317,$2.72 ,$2.94 ,1/5/2020,20201,,,,,,,,,961
1,Thrift City,Madewell Stripe 3/4 Sleeve Top Green Black,A0318,$2.92 ,$3.16 ,1/5/2020,20201,,,,,,,,,961
2,Thrift City,Lucky Brand Paisley Boho Hippie Gypsy V-neck Tassel,A0320,$4.94 ,$5.35 ,4/3/2021,20214,,,,,,,,,507
,Thrift City,Umgee NWT Boho Off the Shoulder Dress Crochet,A0323,$3.93 ,$4.25 ,1/3/2020,20201,Poshmark,$21.29 ,$4.26 ,$1.06 ,$15.96 ,$11.71 ,5/28/2021,20215,511
1,Thrift City,Anthropologie Maeve Linden Polka Dot Dolman Sleeve,A0328,$4.94 ,$5.35 ,1/7/2020,20201,,,,,,,,,959
1,Goodwill Austin Hwy,Cabi Cross Zip Moto Sweater Jacket,A0336,$4.79 ,$5.19 ,1/8/2020,20201,,,,,,,,,958
1,Goodwill Austin Hwy,Cabi Double Button Blazer Peacoat Sweater Jacket,A0337,$6.49 ,$7.03 ,1/8/2020,20201,,,,,,,,,958
,Thrift City Outlet,7FAM A Pocket Flare Jeans 29,A0344,$2.00 ,$2.17 ,1/13/2020,20201,Poshmark,$36.00 ,$7.20 ,$0.00 ,$28.80 ,$26.64 ,4/29/2021,20214,472
,Thrift City Outlet,Hollister Skinny Jeans Dark Wash Distressed Size 1S 25x30,A0347,$2.00 ,$2.17 ,1/14/2020,20201,Facebook,$18.00 ,$0.99 ,$5.42 ,$11.59 ,$9.43 ,3/19/2021,20213,430
,Texas Thrift Store,7FAM Pink A Pocket Cut Off Shorts Size 26,A0350,$4.98 ,$5.39 ,1/8/2020,20201,Poshmark,$25.00 ,$5.00 ,$7.45 ,$12.55 ,$7.16 ,7/4/2021,20217,543
,Texas Thrift Store,Joe's Provocateur Flare Jeans Dark Wash Size 27,A0351,$3.49 ,$3.78 ,1/12/2020,20201,Poshmark,$28.00 ,$5.60 ,$2.12 ,$20.28 ,$16.50 ,1/24/2021,20211,378
10-Sep,Texas Thrift Store,Paige Blue Heights Straight Leg Size 28,A0352,$3.49 ,$3.78 ,1/12/2020,20201,Poshmark,$18.00 ,$3.60 ,$2.46 ,$11.94 ,$8.16 ,10/25/2021,202110,652
1,Texas Thrift Store,Torrid Maroon & Black Lace Satin Blouse Size 00,A0353,$4.98 ,$5.39 ,1/10/2020,20201,Poshmark,$22.00 ,$4.40 ,$2.46 ,$15.14 ,$9.75 ,9/8/2021,20219,607
3,Texas Thrift Store,J. Jill Wearever Collection Red Waffle Tunic Dress Blouse,A0354,$5.98 ,$6.47 ,1/11/2020,20201,,,,,,,,,955
13,Texas Thrift Store,Hype Rolled Hem Denim Shorts Size 5,A0358,$0.99 ,$1.07 ,1/9/2020,20201,,,,,,,,,957
10-Sep,Texas Thrift Store,American Eagle Skinny Stretch Jeans Size 00 Short,A0363,$0.99 ,$1.07 ,1/13/2020,20201,,,,,,,,,953
,Goodwill Bins N ATX,American Flag Scarf,A0369,$0.84 ,$0.91 ,1/18/2020,20201,Poshmark,$10.00 ,$2.95 ,$0.00 ,$7.05 ,$6.14 ,3/28/2021,20213,435
12-Nov,Goodwill Bins N ATX,Maeve Anthropologie Bloomsbury tie dress 4,A0376,$0.84 ,$0.91 ,1/15/2020,20201,Poshmark,$42.00 ,$8.40 ,$0.00 ,$33.60 ,$32.69 ,12/3/2021,202112,688
,Goodwill Bins N ATX,Lumiere White Lace Sleeveless Dress S,A0378,$0.84 ,$0.91 ,1/15/2020,20201,Poshmark,$21.29 ,$4.26 ,$1.06 ,$15.96 ,$15.05 ,5/28/2021,20215,499
5,Goodwill Bins N ATX,Vintage Striped Chunky Knit Grandpa Sweater L,A0381,$0.84 ,$0.91 ,1/15/2020,20201,,,,,,,,,951
7,Goodwill Bins N ATX,The Limited Embellished T Shirt Sheer XS,A0383,$0.84 ,$0.91 ,1/15/2020,20201,,,,,,,,,951
2,Goodwill Bins N ATX,Lucky Brand Boho Hippie Gypsy V Neck Peasant M,A0385,$0.84 ,$0.91 ,1/15/2020,20201,,,,,,,,,951
7,Goodwill Bins N ATX,BCBGeneration Paisley Wrap Tie Crop Festival Hippie Boho XXS,A0395,$0.84 ,$0.91 ,1/16/2020,20201,,,,,,,,,950
14,Thrift City,Mark Cross Body Boho Hippie Brown Square Cut Out Purse,A0411,$2.00 ,$2.17 ,1/19/2020,20201,,,,,,,,,947
1,Thrift City,Umgee Floral Bell Sleeve Top Boho S,A0414,$2.00 ,$2.17 ,1/21/2020,20201,,,,,,,,,945
12-Nov,Thrift City,LuLaRoe Julia Aztec Dress XS NWT,A0417,$2.00 ,$2.17 ,1/21/2020,20201,,,,,,,,,945
,Thrift City,PrAna Monique Purple Mountain Sweater Organic Sustainable XL NWT,A0420,$2.00 ,$2.17 ,1/20/2020,20201,Poshmark,$39.00 ,$7.80 ,$7.45 ,$23.75 ,$21.59 ,3/21/2021,20213,426
WEARING,Goodwill Bins S ATX,Everly Sleeveless Printed Sun Dress Small,A0422,$0.91 ,$0.98 ,WEARING,,,,,,,,,,
12-Nov,Goodwill Bins S ATX,Calessa Boho Paisley Hippie Gypsy Maxi Dress S,A0432,$0.91 ,$0.98 ,1/29/2020,20201,,,,,,,,,937
1,Goodwill Bins S ATX,Merona Color Block Scoop Neck Pullover Knit Sweater M,A0434,$0.91 ,$0.98 ,1/28/2020,20201,,,,,,,,,938
1,Goodwill Bins S ATX,Express Aztec Tribal Sequin Multi Color Tank XS,A0438,$0.91 ,$0.98 ,1/28/2020,20201,,,,,,,,,938
1,Goodwill Bins S ATX,Pleione Chambray Peasant Tassel Top S,A0440,$0.91 ,$0.98 ,1/25/2020,20201,,,,,,,,,941
12-Nov,Goodwill Bins S ATX,Michael Kors Shift Dress Toggle 3/4 Sleeve M,A0441,$0.91 ,$0.98 ,1/29/2020,20201,,,,,,,,,937
12-Nov,Goodwill Bins S ATX,LuLaRoe Orange Pocket Fit and Flare T Dress XXS,A0446,$0.91 ,$0.98 ,1/30/2020,20201,,,,,,,,,936
1,Goodwill Bins S ATX,Do Everything in Love Kimono Fringe Shawl Boho OS,A0454,$0.91 ,$0.98 ,1/26/2020,20201,,,,,,,,,940
,Goodwill Bins S ATX,Vince Color Block Dolman Long Sleeve Mouline Tee XS,A0457,$0.91 ,$0.98 ,1/28/2020,20201,Poshmark,$25.00 ,$5.00 ,$0.00 ,$20.00 ,$19.02 ,6/5/2021,20216,494
1,Goodwill Bins S ATX,Halogen Plus Size Double V Neck Black White Rope 1X,A0459,$0.91 ,$0.98 ,1/25/2020,20201,,,,,,,,,941
,Goodwill Bins S ATX,Toms Silver Sparkly Glitter Slip On Flat 10,A0461,$0.91 ,$0.98 ,1/23/2020,20201,Poshmark,$14.00 ,$2.95 ,$2.46 ,$8.59 ,$7.61 ,3/31/2021,20213,433
N/A,Goodwill Bins S ATX,Kenneth Cole Kassie Slip On Sneakers Size 9M,A0462,$0.91 ,$0.98 ,1/24/2020,20201,,,,,,,,,942
N/A,Goodwill Bins S ATX,Restricted Gladiator Sandal Zipper Low Heel 7.5,A0466,$0.91 ,$0.98 ,1/24/2020,20201,,,,,,,,,942
,Goodwill Bins S ATX,Aerosoles Plush Pillow Wedge Sandal 6.5,A0467,$0.91 ,$0.98 ,1/23/2020,20201,Poshmark,$20.00 ,$4.00 ,$0.00 ,$16.00 ,$15.02 ,4/12/2021,20214,445
14,Goodwill Bins S ATX,3/$20 Black & White Tie Dye Print Fringe Tassel Scarf,A0475,$0.91 ,$0.98 ,1/24/2020,20201,,,,,,,,,942
14,Goodwill Bins S ATX,3/$20 Navy Semi-Sheer Embroidered Scarf,A0477,$0.91 ,$0.98 ,1/26/2020,20201,Poshmark,$12.50 ,$1.88 ,$3.72 ,$6.90 ,$5.92 ,10/8/2021,202110,621
,Clothes Mentor Selma,Altar'd State Floral Crochet Romper M,A0478,$1.50 ,$1.62 ,1/31/2020,20201,Poshmark,$15.00 ,$3.00 ,$0.00 ,$12.00 ,$10.38 ,1/1/2021,20211,336
7,Clothes Mentor Selma,CAbi Sheer Dolman Ombre Fade Out Blouse XS,A0480,$1.20 ,$1.30 ,1/31/2020,20201,,,,,,,,,935
12-Nov,Clothes Mentor Selma,Love by Chelsey Boho Aztec Tunic M,A0482,$1.10 ,$1.19 ,1/31/2020,20201,,,,,,,,,935
1,Clothes Mentor Selma,Altar'd State Boho Lace Paisely Long Sleeve Top S,A0485,$1.00 ,$1.08 ,2/1/2020,20202,,,,,,,,,934
7,Clothes Mentor Selma,Nike Dri Fit Racer Back Tank S,A0489,$1.10 ,$1.19 ,2/12/2020,20202,,,,,,,,,923
7,Goodwill Bins SAT,The Nike Tee Athletic Cut Racerback Tank M,A0493,$0.99 ,$1.07 ,2/6/2020,20202,,,,,,,,,929
,Goodwill Bins SAT,Vintage Caroline Wells Dress Short Sleeve Wrap Tie,A0497,$0.99 ,$1.07 ,2/4/2020,20202,Poshmark,$15.00 ,$3.00 ,$0.00 ,$12.00 ,$10.93 ,9/9/2021,20219,583
14,Goodwill Bins SAT,3/$20 Scarf white with black print design semi-sheer,A0501,$0.99 ,$1.07 ,2/7/2020,20202,,,,,,,,,928
14,Goodwill Bins S ATX,Call it Spring Crossbody Purse Tassel Vegan,A0505,$0.91 ,$0.99 ,2/10/2020,20202,Poshmark,$16.00 ,$3.20 ,$2.46 ,$10.34 ,$9.35 ,7/26/2021,20217,532
N/A,Goodwill Bins S ATX,Amanda Smith Crushed Velvet Floral Fleur Boot 7.5,A0506,$0.99 ,$1.07 ,2/6/2020,20202,,,,,,,,,929
N/A,Goodwill Bins S ATX,Sam Edelman Lucca Buckle Heeled Bootie 8.5,A0507,$0.99 ,$1.07 ,2/6/2020,20202,Poshmark,$28.00 ,$5.60 ,$0.00 ,$22.40 ,$21.33 ,10/8/2021,202110,610
N/A,Goodwill Bins S ATX,DVF Black Suede Pointed Toe Heel 6.5,A0508,$0.99 ,$1.07 ,2/4/2020,20202,,,,,,,,,931
1,Goodwill Bins S ATX,Lucky Brand Boho Hippie Gypsy Lace Tank S,A0521,$0.91 ,$0.99 ,2/13/2020,20202,,,,,,,,,922
,Goodwill Bins S ATX,J. Crew Linen Striped Pocket Tee M,A0528,$0.91 ,$0.99 ,2/17/2020,20202,Poshmark,$16.00 ,$3.20 ,$2.46 ,$10.34 ,$9.35 ,4/3/2021,20214,411
7,Goodwill Bins S ATX,BCBGMaxAzria Shelley Scarf Print Kaftan Poncho Top XS/S,A0531,$0.91 ,$0.99 ,2/17/2020,20202,Poshmark,$15.00 ,$3.00 ,$0.00 ,$12.00 ,$11.01 ,9/8/2021,20219,569
14,Goodwill Bins S ATX,Vintage Leather High Waist Pencil Skirt 7/8,A0532,$0.91 ,$0.99 ,2/28/2020,20202,,,,,,,,,907
,Goodwill Bins S ATX,Ann Taylor Petite Peplum Snake Print Top 6P,A0538,$0.91 ,$0.99 ,2/18/2020,20202,Poshmark,$15.00 ,$3.00 ,$0.00 ,$12.00 ,$11.01 ,2/15/2021,20212,363
1,Goodwill NW Loop 410,Athleta Red Cap Sleeve Scoop Neck Top XS,A0552,$4.79 ,$5.19 ,2/24/2020,20202,,,,,,,,,911
,Texas Thrift Store,Juicy Couture Quilted High Top Sneaker 6,A0555,$6.99 ,$7.56 ,2/10/2020,20202,Poshmark,$27.00 ,$5.40 ,$2.46 ,$19.14 ,$11.58 ,7/8/2021,20217,514
,Texas Thrift Store,Qupid Low Heel Bootie Suede Cut Out Zip Up,A0558,$4.89 ,$5.29 ,2/10/2020,20202,Poshmark,$20.00 ,$4.00 ,$0.00 ,$16.00 ,$10.71 ,1/17/2021,20211,342
10-Sep,Texas Thrift Store,Kut from the Kloth Natalie High Rise Bootcut Jeans 10S,A0564,$3.49 ,$3.78 ,2/28/2020,20202,,,,,,,,,907
14,Goodwill NW Loop 410,$3/20 Coral Lace Infinity Scarf,A0566,$1.00 ,$1.08 ,2/12/2020,20202,,,,,,,,,923
14,Goodwill NW Loop 410,$3/20 Rainbow Fringe Multi Color Metallic Scarf,A0567,$1.00 ,$1.08 ,2/12/2020,20202,,,,,,,,,923
1,Goodwill NW Loop 410,Zara Basic Floral Top Open Back Crew Neck Short Sleeve M,A0569,$4.79 ,$5.19 ,2/13/2020,20202,Poshmark,$15.00 ,$3.00 ,$0.00 ,$12.00 ,$6.81 ,9/8/2021,20219,573
1,Goodwill NW Loop 410,Zara Trafaluc Floral Sheer Top V Neck Short Sleeve Faux Wrap S,A0570,$4.79 ,$5.19 ,2/13/2020,20202,,,,,,,,,922
1,Goodwill NW Loop 410,Lulu's Say No More Black Peplum Top XS,A0579,$4.79 ,$5.19 ,2/21/2020,20202,Poshmark,$19.00 ,$3.80 ,$2.46 ,$12.74 ,$7.55 ,10/18/2021,202110,605
1,Goodwill NW Loop 410,Logo by Lori Goldstein Tunic Top Ruffle Pink M,A0581,$4.79 ,$5.19 ,2/19/2020,20202,Poshmark,$19.00 ,$3.80 ,$2.46 ,$12.74 ,$7.55 ,10/24/2021,202110,613
12-Nov,Goodwill NW Loop 410,Anthropologie Holding Horses Aztec Long Sleeve Dress 4,A0582,$2.40 ,$2.59 ,2/19/2020,20202,,,,,,,,,916
12-Nov,Goodwill NW Loop 410,Francesca's Boho Scoop Neck Dress S,A0584,$3.25 ,$3.51 ,2/19/2020,20202,,,,,,,,,916
7,Closet,GAP Italian Merino Wool Sweater V-Neck S,A0586,$0.00 ,$0.00 ,2/26/2020,20202,,,,,,,,,909
7,Closet,Liz Claiborne Floral Crew Neck Blouse S,A0589,$0.00 ,$0.00 ,2/26/2020,20202,,,,,,,,,909
1,Closet,Express Racer Back Gold Sequin Tank S,A0598,$0.00 ,$0.00 ,2/25/2020,20202,,,,,,,,,910
1,Closet,Express racer Back White Sequin Tank XS,A0601,$0.00 ,$0.00 ,2/25/2020,20202,,,,,,,,,910
N/A,Texas Thrift Store,Lucky Brand Embany Tan Quilted Ballet Flat 6,A0625,$3.49 ,$3.77 ,2/27/2020,20202,,,,,,,,,908
1,Texas Thrift Store,Athleta High Low Hem T Shirt Coral S,A0642,$0.99 ,$1.07 ,3/3/2020,20203,Poshmark,$16.00 ,$3.20 ,$0.00 ,$12.80 ,$11.73 ,8/16/2021,20218,531
10-Sep,Closet,GAP Premium Super Skinny Black Jeans 2,A0648,$0.00 ,$0.00 ,2/29/2020,20202,,,,,,,,,906
10-Sep,Closet,AEO Super Stretch Skinny Jeans 2 Long,A0649,$0.00 ,$0.00 ,2/29/2020,20202,Poshmark,$20.00 ,$4.00 ,$0.00 ,$16.00 ,$16.00 ,12/2/2021,202112,642
1,Goodwill Kyle,Chaser Maroon Henley Thermal Long Sleeve S,A0653,$3.50 ,$3.78 ,3/4/2020,20203,,,,,,,,,902
1,Goodwill Kyle,Harley Davidson Thermal Henley Embroidered Aztec Sleeve XS,A0654,$6.99 ,$7.57 ,3/4/2020,20203,Poshmark,$20.00 ,$4.00 ,$0.00 ,$16.00 ,$8.43 ,9/12/2021,20219,557
,Goodwill Bins N ATX,J. Crew Cap Toe Ballet Flat Bow 6.5,A0655,$0.85 ,$0.92 ,3/30/2020,20203,Poshmark,$22.00 ,$4.40 ,$7.45 ,$10.15 ,$9.23 ,4/7/2021,20214,373
N/A,Goodwill Bins N ATX,Altar'd State Espadrilles Platform Wedge 8.5,A0658,$0.85 ,$0.92 ,,,,,,,,,,,
7,Goodwill Bins N ATX,Nike DriFit Pink V-Neck Short Sleeve T-Shirt XS,A0668,$0.85 ,$0.92 ,3/5/2020,20203,,,,,,,,,901
3,Goodwill Bins N ATX,NASA Classic Graphic T Shirt Blue Unisex S,A0670,$0.85 ,$0.92 ,3/5/2020,20203,,,,,,,,,901
7,Goodwill Bins N ATX,GB Boho Lace Peplum Long Sleeve Blouse M,A0677,$0.85 ,$0.92 ,3/6/2020,20203,,,,,,,,,900
4,Goodwill Bins N ATX,Embroidered Floral V Neck T Shirt S,A0682,$0.85 ,$0.92 ,4/2/2021,20214,,,,,,,,,508
14,Goodwill Bins N ATX,Vintage College Town Light Blue Skirt 7/8,A0685,$0.85 ,$0.92 ,7/17/2020,20207,Poshmark,$20.00 ,$4.00 ,$0.00 ,$16.00 ,$15.08 ,10/4/2021,202110,444
1,Goodwill Bins N ATX,Daisy Fuentes Sleevless Top S,A0686,$0.85 ,$0.92 ,3/6/2020,20203,Poshmark,$16.00 ,$3.20 ,$0.00 ,$12.80 ,$11.88 ,10/17/2021,202110,590
5,Goodwill Bins N ATX,PureJill Open Front Tie Waist Cardigan M Petite,A0689,$0.85 ,$0.92 ,7/25/2020,20207,,,,,,,,,759
3,Goodwill Bins N ATX,Talori Striped Draped Long Sleeve Blouse Wrap M,A0690,$0.85 ,$0.92 ,7/24/2020,20207,,,,,,,,,760
1,Goodwill Bins N ATX,Paper Crane Cowl Neck Waffle Knit Cross Front Top M,A0692,$0.85 ,$0.92 ,3/3/2020,20203,,,,,,,,,903
WEARING,Goodwill Bins N ATX,J. Crew Charcoal Crew Neck Sweatshirt S,A0694,$0.85 ,$0.92 ,WEARING,,,,,,,,,,
7,Goodwill Bins N ATX,aerie floral lace boho keyhole short sleeve top S,A0695,$0.85 ,$0.92 ,3/3/2020,20203,,,,,,,,,903
,Goodwill Bins N ATX,J. Jill Wearever Smooth Fit Black Maxi Skirt M,A0696,$0.85 ,$0.92 ,3/13/2020,20203,Poshmark,$20.00 ,$4.00 ,$0.00 ,$16.00 ,$15.08 ,1/24/2021,20211,317
2,Goodwill Bins N ATX,Banana Republic Striped Short Sleeve Tie Front Blouse L,A0703,$0.85 ,$0.92 ,3/4/2020,20203,,,,,,,,,902
N/A,Texas Thrift Store,Sam Edelman Blue Gigi Thong Sandal 7.5,A0705,$2.49 ,$2.70 ,3/30/2020,20203,,,,,,,,,876
12-Nov,Goodwill Bins N ATX,Angie Boho Paisley Hippie Gypsy Dress S,A0710,$0.85 ,$0.92 ,3/19/2020,20203,,,,,,,,,887
14,Closet,You're The Bomb Lavender Bath Bombs,A0721,$0.00 ,$0.00 ,3/30/2020,20203,,,,,,,,,876
7,Garage Sale,Express Sexy Basic Sequin Grey Tank M,A0729,$0.50 ,$0.50 ,3/7/2020,20203,,,,,,,,,899
3,Garage Sale,Maison Jules Knit Striped High / Low Sweater M,A0734,$0.50 ,$0.50 ,7/18/2020,20207,,,,,,,,,766
12-Nov,Garage Sale,Cynthia Rowley Embellished Shift Dress M,A0736,$0.50 ,$0.50 ,3/8/2020,20203,,,,,,,,,898
,Garage Sale,Philosophy Embellished Black T Shirt Plus Size 2X,A0737,$3.00 ,$3.00 ,3/8/2020,20203,Poshmark,$12.00 ,$2.95 ,$0.00 ,$9.05 ,$6.05 ,5/31/2021,20215,449
2,Garage Sale,Tempted Hearts Paisley Blouse Plus Size Blouse 3X,A0738,$3.00 ,$3.00 ,3/5/2020,20203,Poshmark,$15.00 ,$3.00 ,$0.00 ,$12.00 ,$9.00 ,9/6/2021,20219,550
1,Garage Sale,Cynthia Rowley Abstract Printed Tank Plus Size 1X,A0739,$3.00 ,$3.00 ,3/8/2020,20203,,,,,,,,,898
N/A,Goodwill N Loop 1604,Stubbs & Wootton Black Velvet Maltese Cross 5.5,A0743,$6.99 ,$7.57 ,3/30/2020,20203,,,,,,,,,876
,Goodwill N Loop 1604,St. John Collection Brown Knit Pants Wide Leg 8,A0744,$4.79 ,$5.19 ,3/13/2020,20203,Poshmark,$35.00 ,$7.00 ,$0.00 ,$28.00 ,$22.81 ,2/27/2021,20212,351
,Goodwill N Loop 1604,J. Jill Plaid Button Down L,A0747,$4.79 ,$5.19 ,3/6/2020,20203,Poshmark,$15.00 ,$3.00 ,$0.00 ,$12.00 ,$6.81 ,2/26/2021,20212,357
N/A,Texas Thrift Store,Halogen Ballet Flat Zipper Flower Rose Metallic 9,A0631,$6.99 ,$7.56 ,3/31/2020,20203,Poshmark,$30.00 ,$6.00 ,$0.00 ,$24.00 ,$16.44 ,9/24/2021,20219,542
N/A,Texas Thrift Store,Lucky Brand Kyndra Espadrille Wedge Open Toe Sandal 8,A0750,$2.99 ,$3.24 ,3/31/2020,20203,,,,,,,,,875
N/A,Texas Thrift Store,Call it Spring Vegan High Top Tan Ankle Bootie Aztec 9,A0751,$4.89 ,$5.29 ,3/31/2020,20203,Poshmark,$16.00 ,$3.20 ,$0.00 ,$12.80 ,$7.51 ,9/24/2021,20219,542
,Texas Thrift Store,Anthro Pins and Needles Boho Floral Peasant Top M,A0754,$2.49 ,$2.70 ,3/17/2020,20203,Poshmark,$17.00 ,$3.40 ,$0.00 ,$13.60 ,$10.90 ,2/21/2021,20212,341
7,Texas Thrift Store,Knox Rose Floral Paisley Ruffle Boho Peasant Top XS,A0755,$2.99 ,$3.24 ,3/18/2020,20203,,,,,,,,,888
2,Texas Thrift Store,CAbi Arabesque Cami Boho Tank S,A0758,$1.49 ,$1.61 ,3/17/2020,20203,,,,,,,,,889
2,Texas Thrift Store,Minkpink Floral Tank Mesh V-Neck XS,A0761,$0.99 ,$1.07 ,3/17/2020,20203,,,,,,,,,889
2,Texas Thrift Store,Skies Are Blue StitchFix NWT Paisley Muller Ruffle Detail Blouse Sleeveless SP,A0763,$3.98 ,$4.31 ,3/13/2020,20203,,,,,,,,,893
1,Texas Thrift Store,CAbi Ruffle Semi-Sheer Sleeveless Tunic Tank XS,A0766,$3.98 ,$4.31 ,3/16/2020,20203,,,,,,,,,890
,Texas Thrift Store,WHBM Silk Stretch Leopard Print Tank 2,A0768,$1.49 ,$1.61 ,3/16/2020,20203,Poshmark,$17.00 ,$3.40 ,$2.46 ,$11.14 ,$9.53 ,2/25/2021,20212,346
2,Texas Thrift Store,Painted Threads Striped Knit Kimono Cardigan S,A0770,$2.49 ,$2.70 ,3/16/2020,20203,,,,,,,,,890
WEARING,Texas Thrift Store,ZARA Basic Collection Charcoal Tank S,A0772,$2.09 ,$2.26 ,WEARING,,,,,,,,,,
7,Texas Thrift Store,PINK Victoria's Secret Lace Long Sleeve Top Mint Green M,A0774,$3.49 ,$3.78 ,3/16/2020,20203,,,,,,,,,890
2,Texas Thrift Store,Umgee Plaid Button Down Lace Hem M,A0776,$2.49 ,$2.70 ,3/16/2020,20203,,,,,,,,,890
,Texas Thrift Store,UO Silence + Noise NWT Hooded Muscle Tank S,A0777,$2.09 ,$2.26 ,3/30/2021,20213,Poshmark,$20.00 ,$4.00 ,$2.46 ,$13.54 ,$11.28 ,5/29/2021,20215,60
2,Texas Thrift Store,Joie Eniko C Embroidered Tassel 100% Silk Tank Top XS,A0778,$2.49 ,$2.70 ,3/16/2020,20203,,,,,,,,,890
12-Nov,Texas Thrift Store,Francesca's Pale Pink High Neck Fit & Flare Dress S,A0779,$4.99 ,$5.40 ,3/14/2020,20203,,,,,,,,,892
,Texas Thrift Store,Meraki Racer Back Tie Tunic Tank S,A0780,$1.99 ,$2.15 ,3/14/2020,20203,Poshmark,$21.29 ,$4.26 ,$1.06 ,$15.96 ,$13.81 ,5/28/2021,20215,440
2,Texas Thrift Store,Express Floral V-Neck Cuffed Sleeve Blouse S,A0781,$3.49 ,$3.77 ,3/14/2020,20203,Poshmark,$16.00 ,$3.20 ,$0.00 ,$12.80 ,$9.03 ,9/16/2021,20219,551
1,Texas Thrift Store,Altar'd State NWT Lace Ombre Tank S,A0784,$3.49 ,$3.77 ,3/14/2020,20203,,,,,,,,,892
2,Texas Thrift Store,Crescent NWT Lace Back Button Down Tank S,A0785,$3.49 ,$3.77 ,3/14/2020,20203,,,,,,,,,892
7,Texas Thrift Store,J. Crew Horizontal Stripe 3/4 Sleeve Top M,A0786,$1.49 ,$1.61 ,3/13/2020,20203,,,,,,,,,893
2,Texas Thrift Store,CAbi Clover Dots Cuffed Silk Button Down S,A0805,$1.99 ,$2.15 ,3/24/2020,20203,,,,,,,,,882
2,Texas Thrift Store,Anthro Holding Horses Navy Light Weight Tunic S,A0806,$2.49 ,$2.70 ,3/24/2020,20203,,,,,,,,,882
2,Texas Thrift Store,Lucky Brand T Shirt Crew Neck S,A0810,$2.49 ,$2.70 ,3/23/2020,20203,,,,,,,,,883
12-Nov,Texas Thrift Store,The North Face Women's Tunic Dress Shirt M,A0811,$3.49 ,$3.78 ,3/23/2020,20203,,,,,,,,,883
2,Texas Thrift Store,J. Crew Tank Top Crochet Floral Lace Front M,A0814,$2.49 ,$2.70 ,3/24/2020,20203,,,,,,,,,882
2,Texas Thrift Store,Express Leopard Print Tank Knotted Front L,A0817,$1.49 ,$1.61 ,3/28/2020,20203,Poshmark,$12.50 ,$3.12 ,$3.73 ,$5.66 ,$4.04 ,10/8/2021,202110,559
,Texas Thrift Store,WHBM NWT Dahlia Tassel Top Black Floral M,A0819,$4.99 ,$5.40 ,3/28/2020,20203,Poshmark,$28.00 ,$5.60 ,$2.46 ,$19.94 ,$14.54 ,4/21/2021,20214,389
2,Texas Thrift Store,Everly Tank Abstract Coral M,A0820,$1.99 ,$2.15 ,3/28/2020,20203,,,,,,,,,878
2,Texas Thrift Store,Pure Barre 20 in 31 Tank L,A0822,$0.99 ,$1.07 ,3/28/2020,20203,,,,,,,,,878
wearing,Texas Thrift Store,Tally Weijl Elephant Boho Festival Tank XS,A0823,$0.99 ,$1.07 ,WEARING,,,,,,,,,,
,Texas Thrift Store,Zara Basic Patchwork Sleeveless Romper M,A0825,$2.49 ,$2.70 ,4/4/2020,20204,Poshmark,$22.00 ,$4.40 ,$0.00 ,$17.60 ,$14.90 ,7/10/2021,20217,462
,Texas Thrift Store,Zella Mesh Capri Legging NWT Mid Rise XS,A0828,$3.49 ,$3.78 ,4/3/2020,20204,Poshmark,$28.00 ,$5.60 ,$2.46 ,$19.94 ,$16.16 ,3/18/2021,20213,349
,Texas Thrift Store,ZARA Paisley Print Lace Sleeve Blouse ,A0831,$1.99 ,$2.15 ,4/3/2021,20214,Poshmark,$18.00 ,$3.60 ,$0.00 ,$14.40 ,$12.25 ,6/7/2021,20216,65
2,Texas Thrift Store,CAbi Flutter Camo Tank Top Green & Brown Stripe M,A0833,$1.99 ,$2.15 ,4/5/2020,20204,,,,,,,,,870
2,Texas Thrift Store,LUSH Racer Back Green Floral Tank S,A0834,$1.99 ,$2.15 ,4/4/2020,20204,,,,,,,,,871
,Texas Thrift Store,Melrose and Market Sharkbite Floral Tank NWT XS,A0835,$2.99 ,$3.24 ,4/4/2020,20204,Poshmark,$13.00 ,$2.95 ,$0.00 ,$10.05 ,$6.81 ,3/18/2021,20213,348
2,Texas Thrift Store,Francesca's Alya Floral Boho Tank S,A0836,$1.99 ,$2.15 ,4/2/2020,20204,,,,,,,,,873
2,Texas Thrift Store,AEO Beaded Southwestern Tribal Tank S,A0838,$1.49 ,$1.61 ,4/9/2020,20204,,,,,,,,,866
12-Nov,Texas Thrift Store,Altar'd State Blue Lace Cut Out Dress XS,A0839,$2.99 ,$3.24 ,4/2/2020,20204,,,,,,,,,873
2,Texas Thrift Store,Athleta Coral Swing Tank XS,A0840,$0.99 ,$1.07 ,4/2/2020,20204,,,,,,,,,873
2,Texas Thrift Store,Pleione High Low Hem Sleeveless Blouse Dot Pattern XS,A0842,$2.49 ,$2.70 ,4/6/2020,20204,,,,,,,,,869
2,Texas Thrift Store,The Limited Chambray Sleeveless Button Down S,A0843,$1.49 ,$1.61 ,4/2/2020,20204,,,,,,,,,873
2,Texas Thrift Store,J. Crew Ruffle Front Tank M,A0845,$2.49 ,$2.70 ,4/6/2020,20204,,,,,,,,,869
,Texas Thrift Store,Matilda Jane Polka Dot Lace Hem Tank S,A0846,$1.99 ,$2.15 ,4/3/2020,20204,Poshmark,$21.29 ,$4.26 ,$1.06 ,$15.96 ,$13.81 ,5/28/2021,20215,420
2,Texas Thrift Store,Silence + Noise UO Red Aztec Racerback Tank XS,A0851,$1.99 ,$2.15 ,4/13/2020,20204,,,,,,,,,862
2,Texas Thrift Store,Zella All Day Waffle Knit Strappy Tank NWT S,A0852,$2.49 ,$2.70 ,4/13/2020,20204,,,,,,,,,862
2,Texas Thrift Store,Melrose and Market NWT Boho Tank S,A0854,$2.99 ,$3.24 ,4/13/2020,20204,,,,,,,,,862
2,Texas Thrift Store,Melrose and Market NWT Boho Tank XS,A0855,$2.99 ,$3.24 ,4/13/2020,20204,,,,,,,,,862
2,Texas Thrift Store,BCBGMaxAzria Coral Sleeveless High / Low Hem Tank XS,A0860,$2.49 ,$2.70 ,4/18/2020,20204,,,,,,,,,857
2,Texas Thrift Store,Adrianna Papell Icy Blue Embroidard V Neck Sharkbite Tank S,A0861,$4.99 ,$5.40 ,4/18/2020,20204,,,,,,,,,857
2,Texas Thrift Store,Horny Toad Button Down Tank XS,A0862,$1.49 ,$1.61 ,4/17/2020,20204,,,,,,,,,858
7,Texas Thrift Store,Olive & Oak Semi Sheer Blue White Stripe Tank S,A0863,$2.49 ,$2.70 ,4/17/2020,20204,,,,,,,,,858
2,Texas Thrift Store,Market & Spruce Joney Lace Detail Knit Top NWT S,A0864,$2.99 ,$3.24 ,4/14/2020,20204,,,,,,,,,861
,Texas Thrift Store,The North Face Culture Touring Tank S,A0866,$2.99 ,$3.24 ,4/15/2020,20204,Poshmark,$18.00 ,$3.60 ,$7.45 ,$6.95 ,$3.71 ,7/3/2021,20217,444
12-Nov,Texas Thrift Store,Michael Stars White Tassel Semi Sheer Shift Dress S,A0868,$2.99 ,$3.24 ,4/14/2020,20204,,,,,,,,,861
10-Sep,Closet,Nike Capri Dri Fit Crop High Waist M,A0871,$0.00 ,$0.00 ,3/16/2021,,,,,,,,,,525
14,Closet,Lululemon Strappy Sports Bra Black,A0872,$25.50 ,$25.50 ,12/23/2020,,Poshmark,$39.00 ,$7.80 ,$7.45 ,$23.75 ,($1.75),7/25/2021,20217,214
14,Facebook Marketplace,Bar III Purple Romper Shorts V-Neck Pockets XL,A0880,$3.29 ,$3.29 ,5/11/2020,20205,,,,,,,,,834
3,Facebook Marketplace,Love Riche NWT Black Long Sleeve Tunic Blouse M,A0882,$3.29 ,$3.29 ,5/8/2020,20205,,,,,,,,,837
4,Facebook Marketplace,Deletta Anthro Corinthian Beaded Shoulder Boho Top M,A0883,$3.29 ,$3.29 ,5/5/2020,20205,,,,,,,,,840
,Facebook Marketplace,BlankNYC Vegan Faux Leather Pants Skinny 28,A0885,$3.29 ,$3.29 ,5/4/2020,20205,Poshmark,$38.00 ,$7.60 ,$7.45 ,$22.95 ,$19.66 ,4/8/2021,20214,339
10-Sep,Facebook Marketplace,Calvin Klein Dress Pant Charcoal 10,A0886,$3.29 ,$3.29 ,5/4/2020,20205,,,,,,,,,841
3,Facebook Marketplace,Abound Short Sleeve Knit Tunic T Pocket L,A0887,$3.29 ,$3.29 ,5/11/2020,20205,,,,,,,,,834
14,Facebook Marketplace,Banana Republic Midi Pencil Skirt Linen Cream Stretch 4,A0888,$3.29 ,$3.29 ,6/3/2020,20206,Poshmark,$28.00 ,$5.60 ,$0.00 ,$22.40 ,$19.11 ,12/2/2021,202112,547
3,Facebook Marketplace,New York & Company Checkered Lace Blouse S,A0889,$3.29 ,$3.29 ,5/11/2020,20205,,,,,,,,,834
5,Facebook Marketplace,Lucy Active Zip Up Jacket M,A0890,$3.29 ,$3.29 ,5/4/2020,20205,,,,,,,,,841
,Facebook Marketplace,Old Navy NWT Low Rise Cotton Chino Short 8,A0892,$3.29 ,$3.29 ,5/4/2020,20205,Poshmark,$15.00 ,$3.00 ,$0.00 ,$12.00 ,$8.71 ,4/17/2021,20214,348
WEARING,Facebook Marketplace,Old Navy Black Floral Flutter Sleeve Dress M Petite,A0893,$3.29 ,$3.29 ,WEARING,,,,,,,,,,
3,Facebook Marketplace,Gears of War 3 Rare Graphic T Shirt S,A0897,$0.54 ,$0.54 ,5/5/2020,20205,,,,,,,,,840
6,Clothes Mentor Selma,Patrons of Peace Boho Paisely Tank L,A0903,$2.46 ,$2.66 ,7/26/2020,20207,,,,,,,,,758
2,Clothes Mentor Selma,Umgee Patchwork Boho Floral Lace Tunic Tank S,A0904,$2.46 ,$2.66 ,7/26/2020,20207,,,,,,,,,758
3,Clothes Mentor Selma,Modern Lux Cactus Southwestern Desert Graphic T L,A0907,$3.16 ,$3.42 ,5/6/2020,20205,,,,,,,,,839
3,Clothes Mentor Selma,Altar'd State Linen/Cotton Blend Striped Tie Tee S,A0909,$5.26 ,$5.69 ,4/3/2021,20214,Poshmark,$28.00 ,$5.60 ,$0.00 ,$22.40 ,$16.71 ,8/16/2021,20218,135
12-Nov,Clothes Mentor Selma,J. Jill Double Layer Tunic Top / Mini Dress Paisley M,A0910,$6.67 ,$7.22 ,5/12/2020,20205,,,,,,,,,833
12-Nov,Clothes Mentor Selma,Lilly Pulitzer Edna Dress Tile Wave XS NWOT,A0913,$10.86 ,$11.76 ,8/24/2020,20208,,,,,,,,,729
3,Clothes Mentor Selma,Zara Floral Lace Embroidered T-Shirt Blouse M,A0914,$5.26 ,$5.69 ,5/8/2020,20205,,,,,,,,,837
3,Clothes Mentor Selma,Fifth Sun Making Pour Decisions Graphic Tank M,A0916,$1.06 ,$1.15 ,5/12/2020,20205,,,,,,,,,833
2,Clothes Mentor Selma,Umgee Lace Boho Tassel Dress M,A0917,$1.76 ,$1.91 ,5/12/2020,20205,,,,,,,,,833
3,Clothes Mentor Selma,Umgee Lace Mock Neck Coral Blouse M,A0918,$4.56 ,$4.94 ,5/13/2020,20205,,,,,,,,,832
,Clothes Mentor Selma,A'reve Anthro Lace Tulle Tunic Blouse Sleeveless M,A0919,$5.96 ,$6.45 ,5/11/2020,20205,,,,,,,,,834
2,Clothes Mentor Selma,Umgee Dolman Sleeve Boho Oversize Blouse M,A0921,$5.26 ,$5.69 ,5/13/2020,20205,,,,,,,,,832
,Clothes Mentor Online,Lilly Pulitzer Pearl Lace Blue First Impressions 8,A0926,$18.00 ,$18.00 ,5/14/2020,20205,Poshmark,$85.00 ,$17.00 ,$7.45 ,$60.55 ,$42.55 ,7/12/2021,20217,424
10-Sep,Poshmark,AEO Straight Leg Stretch Dark Wash Jeans 0 Short,A0929,$6.49 ,$6.49 ,5/23/2020,20205,,,,,,,,,822
,Poshmark,WHBM Straight Leg Pants Button Detail 4,A0930,$6.49 ,$6.49 ,7/9/2020,20207,Poshmark,$15.00 ,$3.00 ,$0.00 ,$12.00 ,$5.51 ,1/24/2021,20211,199
N/A,Poshmark,ALDO Black Ankle Bootie Black Rhinestone 7.5,A0933,$6.49 ,$6.49 ,6/27/2020,20206,,,,,,,,,787
5,ThredUp,Pink Rose Boho Floral Blouse High/Low Hem XS,A0935,$5.40 ,$5.85 ,5/17/2020,20205,,,,,,,,,828
3,ThredUp,42pops Sequin Sleeve Knit Pocket Tee M,A0936,$5.00 ,$5.41 ,6/2/2020,20206,,,,,,,,,812
12-Nov,ThredUp,Boho Cream Crochet Slip Dress S,A0937,$5.00 ,$5.41 ,7/27/2020,20207,,,,,,,,,757
12-Nov,ThredUp,Love Tree Boho Floral Sleeveless Dress S,A0938,$4.00 ,$4.33 ,5/17/2020,20205,,,,,,,,,828
12-Nov,ThredUp,Everly Boho Hippie Sleeveless Shift Dress S,A0940,$5.00 ,$5.41 ,5/23/2020,20205,,,,,,,,,822
,ThredUp,Boho Black Blouse with White Pattern S,A0941,$4.50 ,$4.87 ,6/2/2020,20206,,,,,,,,,812
4,ThredUp,Boho Green Blouse with White Pattern L,A0942,$5.00 ,$5.41 ,6/2/2020,20206,,,,,,,,,812
12-Nov,ThredUp,Collective Concepts Dress Bat Wing Sleeve Elastic Waist S,A0947,$4.20 ,$4.55 ,5/15/2020,20205,,,,,,,,,830
12-Nov,ThredUp,Bohemian A-Line Dress 3/4 Sleeves S,A0950,$4.00 ,$4.33 ,5/16/2020,20205,,,,,,,,,829
5,ThredUp,41Hawthorn Beckett V-Neck Sleeveless Blouse M,A0951,$4.80 ,$5.20 ,5/16/2020,20205,,,,,,,,,829
,Goodwill Austin Hwy,WHBM The Slim Jegging Mid Rise Dark Wash Distressed 4,A0958,$6.39 ,$6.92 ,5/21/2020,20205,Poshmark,$20.00 ,$4.00 ,$0.00 ,$16.00 ,$9.08 ,1/4/2021,20211,228
,Goodwill Austin Hwy,WHBM The Skinny Crop Light Wash Distressed Mid Rise 2,A0959,$6.39 ,$6.92 ,5/23/2020,20205,Poshmark,$20.00 ,$4.00 ,$0.00 ,$16.00 ,$9.08 ,1/17/2021,20211,239
N/A,Goodwill Austin Hwy,Sam Edelman Circus Bomb Shell Striped Espadrilles 7,A0960,$3.99 ,$4.32 ,6/27/2020,20206,,,,,,,,,787
3,Goodwill NW Loop 410,Club Monaco NWOT Peplum Tank Metallic Silver Arrows S,A0962,$4.79 ,$5.19 ,6/3/2020,20206,Poshmark,$34.00 ,$6.80 ,$0.00 ,$27.20 ,$22.01 ,12/16/2021,202112,561
6,Goodwill NW Loop 410,Lilly Pulitzer Captiva Tunic Resort White XS,A0964,$6.49 ,$7.03 ,7/27/2020,20207,,,,,,,,,757
3,Goodwill Austin Hwy,Zara Woman Poplin Top Striped Tie Front S,A0967,$4.79 ,$5.19 ,6/4/2020,20206,,,,,,,,,810
WEARING,Goodwill Austin Hwy,Brandy Melville Gabriella Long Sleeve Black Romper OS,A0968,$6.49 ,$7.03 ,WEARING,,,,,,,,,,
4,Goodwill Austin Hwy,Harley Davidson Unisex Museum T Shirt Black M,A0970,$2.99 ,$3.24 ,6/6/2020,20206,,,,,,,,,808
5,Goodwill Austin Hwy,Harley Davidson Women's Graphic T Shirt Black V Neck L,A0971,$4.79 ,$5.19 ,6/6/2020,20206,,,,,,,,,808
12-Nov,Goodwill Austin Hwy,Fame and Partners Rivera Polka Dot Long Sleeve Dress 6,A0975,$6.49 ,$7.03 ,6/8/2020,20206,,,,,,,,,806
12-Nov,Goodwill Austin Hwy,St. John Collection Silk Floral Sleeveless Dress 8,A0976,$6.49 ,$7.03 ,6/7/2020,20206,,,,,,,,,807
12-Nov,Goodwill Austin Hwy,Badgley Mischka Collection LBD Black Color Block Sleeveless Dress 8,A0977,$6.49 ,$7.03 ,6/4/2020,20206,,,,,,,,,810
10-Sep,Goodwill Cibolo,Nike Club Cropped Legging Capri Pink Black S,A0984,$4.79 ,$5.19 ,5/22/2020,20205,,,,,,,,,823
10-Sep,Goodwill Cibolo,Rag & Bone Green Gables Coated Denim Legging Jeans 25,A0985,$4.79 ,$5.19 ,5/23/2020,20205,Poshmark,$61.00 ,$12.20 ,$7.45 ,$41.35 ,$36.16 ,9/20/2021,20219,485
7,Goodwill Austin Hwy,Cable & Gauge Color Block Knit Top 3/4 Sleeve S,A0987,$4.79 ,$5.19 ,5/24/2020,20205,,,,,,,,,821
WEARING,Goodwill NW Loop 410,Forever 21 Black Dress Sleeveless Velvet Stripe Ribbed Bodycon S,A0988,$6.49 ,$7.03 ,WEARING,,,,,,,,,,
,Facebook Marketplace,Hollister Denim Shorts Cuffed Size 7/28,A0994,$0.85 ,$0.85 ,7/9/2020,20207,Poshmark,$12.00 ,$2.95 ,$0.00 ,$9.05 ,$8.20 ,6/3/2021,20216,329
,Facebook Marketplace,American Rag Cie Boho Peasant Blouse,A0995,$0.85 ,$0.85 ,4/5/2021,20214,Poshmark,$19.00 ,$3.80 ,$0.00 ,$15.20 ,$14.35 ,4/20/2021,20214,15
7,Facebook Marketplace,Japna Striped Floral Blouse Ruffle Racer Back Tank M,A0998,$0.85 ,$0.85 ,6/18/2020,20206,,,,,,,,,796
,Facebook Marketplace,Victoria's Secret Striped Pajama Bottom M,B0039,$0.92 ,$0.92 ,7/24/2020,20207,Poshmark,$19.50 ,$3.90 ,$1.23 ,$14.37 ,$13.45 ,5/27/2021,20215,307
3,Goodwill Cibolo,Cabi Ginger Top 3070 Animal Print S,B0043,$4.79 ,$5.19 ,6/12/2020,20206,,,,,,,,,802
5,Goodwill Cibolo,Lilly Pulitzer Island Polo Green S,B0045,$4.79 ,$5.19 ,8/13/2020,20208,,,,,,,,,740
,Goodwill N Loop 1604,Express Lace Metallic Cut Out Tank S,B0047,$4.79 ,$5.19 ,7/24/2020,20207,Poshmark,$20.00 ,$4.00 ,$0.00 ,$16.00 ,$10.81 ,1/17/2021,20211,177
6,Goodwill N Loop 1604,Halogen Classic Blazer Graph Check 4,B0048,$3.25 ,$3.51 ,7/24/2020,20207,,,,,,,,,760
3,Garage Sale,Ann Taylor LOFT Floral Embellished Purple Cardigan Short Sleeve M,B0051,$2.00 ,$2.00 ,6/23/2020,20206,,,,,,,,,791
4,Garage Sale,Chelsea & Violet Boho Chevron Blouse S,B0055,$1.00 ,$1.00 ,7/24/2020,20207,,,,,,,,,760
3,Garage Sale,Paper Crane Boho Racer Back Tank S,B0056,$1.00 ,$1.00 ,7/24/2020,20207,,,,,,,,,760
4,Garage Sale,Nine West Jeans Plaid Long Sleeve Tunic Top S,B0057,$1.00 ,$1.00 ,7/24/2020,20207,,,,,,,,,760
3,Garage Sale,Banana Republic V-Neck Sleeveless Blouse XS,B0058,$2.00 ,$2.00 ,7/24/2020,20207,Poshmark,$15.00 ,$3.00 ,$0.00 ,$12.00 ,$10.00 ,7/15/2021,20217,356
7,Garage Sale,Express The Portofino Shirt Coral Button Up Blouse S,B0059,$2.00 ,$2.00 ,7/25/2020,20207,Poshmark,$20.00 ,$4.00 ,$0.00 ,$16.00 ,$14.00 ,7/12/2021,20217,352
4,Garage Sale,Charlotte Russe Floral Kimono Duster Sleeveless M,B0063,$2.00 ,$2.00 ,7/18/2020,20207,,,,,,,,,766
10-Sep,Garage Sale,apana Floral Mesh High Waisted Capri Legging XS,B0064,$3.00 ,$3.00 ,7/9/2020,20207,,,,,,,,,775
12-Nov,Garage Sale,AEO Purple Long Sleeve Sweater Dress S,B0065,$3.00 ,$3.00 ,6/23/2020,20206,,,,,,,,,791
14,Goodwill Austin Hwy,Tory Burch Bag Large Travel Nylon Messenger Diaper Bag,B0066,$14.99 ,$16.23 ,6/28/2020,20206,,,,,,,,,786
,Goodwill Austin Hwy,Harley-Davidson Pullover Sweatshirt 1/4 Zip S,B0067,$4.79 ,$5.19 ,7/24/2020,20207,Facebook,$28.00 ,$1.48 ,$5.66 ,$20.86 ,$15.67 ,2/16/2021,20212,207
6,Goodwill Austin Hwy,Lucky Brand Aztec Waterfall Cardigan M Southwestern,B0068,$4.79 ,$5.19 ,7/26/2020,20207,Poshmark,$30.00 ,$6.00 ,$2.46 ,$21.54 ,$16.35 ,11/18/2021,202111,480
6,Goodwill Austin Hwy,Madewell Striped Button Down S,B0069,$4.79 ,$5.19 ,7/27/2020,20207,,,,,,,,,757
6,Goodwill Austin Hwy,Top Shop Animal Print Top Button Down 6,B0070,$4.79 ,$5.19 ,7/27/2020,20207,,,,,,,,,757
WEARING,Goodwill Austin Hwy,Ann Taylor LOFT Maxi Dress 0,B0071,$6.49 ,$7.03 ,WEARING,,,,,,,,,,
12-Nov,Goodwill Austin Hwy,Lulu's Multitask Queen Shift Dress XS,B0073,$6.49 ,$7.03 ,8/13/2020,20208,,,,,,,,,740
,Goodwill Austin Hwy,Moral Fiber Top Plus Size NWT 2X,B0075,$4.79 ,$5.19 ,8/13/2020,20208,Poshmark,$15.00 ,$3.00 ,$0.00 ,$12.00 ,$6.81 ,7/5/2021,20217,326
5,Goodwill Austin Hwy,J. Crew Lace Sweater M,B0076,$2.40 ,$2.59 ,8/13/2020,20208,Poshmark,$22.00 ,$4.40 ,$7.45 ,$10.15 ,$7.56 ,9/17/2021,20219,400
5,Goodwill Austin Hwy,Isla Fitness Threads Seashell Tank S,B0077,$4.79 ,$5.19 ,8/13/2020,20208,,,,,,,,,740
12-Nov,Goodwill Austin Hwy,Anthropologie Maeve Whitewick Manor Corduroy Dress 4,B0078,$6.49 ,$7.03 ,7/17/2020,20207,Poshmark,$42.00 ,$8.40 ,$0.00 ,$33.60 ,$26.57 ,11/15/2021,202111,486
,Goodwill Austin Hwy,Soludos Pineapple Espadrilles Shoes 9,B0080,$9.99 ,$10.81 ,6/29/2020,20206,Poshmark,$23.00 ,$4.60 ,$0.00 ,$18.40 ,$7.59 ,2/6/2021,20212,222
2,Goodwill Cibolo,Umgee Pink Long Sleeve Wrap Top Blouse S,B0082,$2.40 ,$2.59 ,8/5/2020,20208,,,,,,,,,748
12-Nov,Goodwill NW Loop 410,Lumiere Tiered Hem Dress Houndstooth High Low L,B0084,$6.49 ,$7.03 ,7/17/2020,20207,,,,,,,,,767
3,Goodwill NW Loop 410,Monteau Floral Boho Bell Sleeve Blouse M,B0085,$4.79 ,$5.19 ,7/18/2020,20207,,,,,,,,,766
,Goodwill NW Loop 410,asos NWT Red Midi Long Sleeve Dress 2,B0086,$6.49 ,$7.03 ,7/25/2020,20207,Poshmark,$25.00 ,$5.00 ,$7.45 ,$12.55 ,$5.52 ,10/6/2021,202110,438
N/A,Goodwill Cibolo,DV Target Perforated Ankle Bootie Faux Suede Tan 6.5,B0089,$6.99 ,$7.57 ,8/17/2020,20208,,,,,,,,,736
,Goodwill Cibolo,Band of Gypsies NWT Floral Wrap Dress M,B0090,$12.99 ,$14.06 ,7/28/2020,20207,Poshmark,$30.00 ,$6.00 ,$0.00 ,$24.00 ,$9.94 ,10/20/2021,202110,449
,Goodwill Cibolo,LUSH Oversize Utility Blouse M,B0093,$4.79 ,$5.19 ,8/5/2020,20208,Poshmark,$21.67 ,$4.33 ,$2.48 ,$14.85 ,$9.66 ,5/30/2021,20215,298
6,Goodwill Cibolo,Eden & Olivia Anthro Bird Print 100% Cotton Blouse L,B0094,$4.79 ,$5.19 ,8/6/2020,20208,Poshmark,$28.00 ,$5.60 ,$7.45 ,$14.95 ,$9.76 ,10/4/2021,202110,424
,Goodwill N Loop 1604,Zara Trafaluc Long Sleeve T Shirt M,B0098,$2.40 ,$2.59 ,8/3/2020,20208,Poshmark,$18.00 ,$3.60 ,$2.46 ,$11.94 ,$9.35 ,7/7/2021,20217,338
,Goodwill N Loop 1604,White Birch Striped Blouse Long Sleeve Open Back M,B0100,$4.79 ,$5.19 ,8/3/2020,20208,,,,,,,,,750
2,Goodwill N Loop 1604,Lucky Brand Floral Short Sleeve Blouse Ruffle XS,B0101,$4.79 ,$5.19 ,8/5/2020,20208,,,,,,,,,748
6,Goodwill N Loop 1604,Know Your Worth Graphic T Shirt Burnout S,B0102,$2.99 ,$3.24 ,8/13/2020,20208,,,,,,,,,740
,Goodwill N Loop 1604,CEJON Boho Fringe Kimono One Size,B0103,$4.79 ,$5.19 ,7/31/2020,20207,Poshmark,$25.00 ,$5.00 ,$0.00 ,$20.00 ,$14.81 ,1/5/2021,20211,158
5,Goodwill N Loop 1604,41 Hawthorn Stitch Fix Floral Blouse M,B0104,$4.79 ,$5.19 ,8/6/2020,20208,,,,,,,,,747
12-Nov,Goodwill N Loop 1604,Topshop Peplum Scuba Dress Royal Blue 2,B0107,$6.49 ,$7.03 ,9/18/2020,20209,,,,,,,,,704
,Goodwill N Loop 1604,Monteau Floral Dress Ruffle Cap Sleeve M,B0108,$6.49 ,$7.03 ,7/31/2020,20207,,,,,,,,,753
5,Goodwill N Loop 1604,Postage Stamp Anthro Blouse S,B0109,$4.79 ,$5.19 ,8/13/2020,20208,,,,,,,,,740
6,Goodwill N Loop 1604,Fig and Flower Boho Gypsy Blouse S,B0110,$4.79 ,$5.19 ,8/6/2020,20208,,,,,,,,,747
WEARING,Goodwill N Loop 1604,Fabletics Black High Waist Legging 7/8,B0114,$4.79 ,$5.19 ,WEARING,,,,,,,,,,
Hanging,Goodwill N Loop 1604,Lulu's Flutter Sleeve Chiffon Gown NWT XL,B0115,$6.49 ,$7.03 ,8/12/2020,20208,Poshmark,$58.00 ,$11.60 ,$2.46 ,$43.94 ,$36.91 ,7/16/2021,20217,338
6,Goodwill N Loop 1604,Free People Moonlight Mile Print Penny Georgette S,B0117,$4.79 ,$5.19 ,7/30/2020,20207,,,,,,,,,754
5,Texas Thrift Store,Lux LA Floral Boho Long Sleeve Blouse S,B0119,$1.99 ,$2.15 ,7/28/2020,20207,,,,,,,,,756
5,Texas Thrift Store,Pink Rose Floral Boho Tassel Tank M,B0120,$1.49 ,$1.61 ,7/28/2020,20207,,,,,,,,,756
10-Sep,Texas Thrift Store,Zella High Waist Legging Cut Out Ankle XS,B0121,$4.98 ,$5.39 ,8/18/2020,20208,,,,,,,,,735
10-Sep,Texas Thrift Store,Fabletics Colorblock Heather Pink Gray Legging Small Salar Statement 7/8 Cherry/Charcoal/Rosebloom Heather,B0124,$5.98 ,$6.47 ,8/18/2020,20208,Poshmark,$17.00 ,$3.40 ,$0.00 ,$13.60 ,$7.13 ,10/31/2021,202110,439
6,Texas Thrift Store,AEO Floral Crop Boho Blouse M,B0125,$4.98 ,$5.39 ,8/2/2020,20208,,,,,,,,,751
5,Texas Thrift Store,Cupcakes and Cashmere Anthro Jantel Floral Blouse Bell Sleeve Boho S,B0126,$4.98 ,$5.39 ,8/12/2020,20208,,,,,,,,,741
,Texas Thrift Store,Meraki Floral Wrap Peplum Blouse L,B0127,$4.98 ,$5.39 ,8/1/2020,20208,Poshmark,$19.00 ,$3.80 ,$0.00 ,$15.20 ,$9.81 ,3/26/2021,20213,237
2,Texas Thrift Store,Lucky Brand Popover Blouse S,B0128,$4.98 ,$5.39 ,8/13/2020,20208,,,,,,,,,740
4,Texas Thrift Store,Southern Stitch Aztec Southwestern Kimono Duster L/XL,B0129,$4.98 ,$5.39 ,8/8/2020,20208,Poshmark,$15.00 ,$3.00 ,$0.00 ,$12.00 ,$6.61 ,9/17/2021,20219,405
,Texas Thrift Store,Maurice's Floral Boho Blouse L,B0131,$3.49 ,$3.77 ,8/1/2020,20208,Facebook,$15.00 ,$0.90 ,$3.58 ,$10.52 ,$6.75 ,2/18/2021,20212,201
5,Texas Thrift Store,Skies Are Blue Stitch Fix Long Sleeve Blouse M,B0133,$3.49 ,$3.77 ,7/28/2020,20207,,,,,,,,,756
,Texas Thrift Store,Neon Rainbow Burnout Semi Sheer Graphic Muscle Tank M,B0135,$2.09 ,$2.26 ,7/29/2020,20207,Poshmark,$14.00 ,$2.95 ,$2.12 ,$8.93 ,$6.67 ,1/3/2021,20211,158
5,Texas Thrift Store,Kut from the Kloth Floral Button Down Sheer S,B0136,$3.49 ,$3.77 ,8/13/2020,20208,,,,,,,,,740
,Texas Thrift Store,Express Split Back Solid Tank Semi Sheer M,B0137,$2.79 ,$3.02 ,8/12/2020,20208,Poshmark,$16.00 ,$3.20 ,$0.00 ,$12.80 ,$9.78 ,4/3/2021,20214,234
7,Texas Thrift Store,The Limited Striped Tank Blouse M,B0138,$2.09 ,$2.26 ,8/8/2020,20208,,,,,,,,,745
6,Texas Thrift Store,Meraki Animal Print Blouse S,B0139,$4.19 ,$4.53 ,7/29/2020,20207,,,,,,,,,755
WEARING,Texas Thrift Store,Spiritual Gangster Maya Floral Kimono Robe OS,B0140,$4.98 ,$5.39 ,WEARING,,,,,,,,,,
6,Texas Thrift Store,Kut from the Kloth Floral Button Down Sheer M,B0141,$4.98 ,$5.39 ,7/29/2020,20207,,,,,,,,,755
5,Texas Thrift Store,Ann Taylor LOFT Striped Tank XS,B0142,$3.98 ,$4.31 ,8/8/2020,20208,,,,,,,,,745
2,Texas Thrift Store,Umgee Patchwork Boho Floral Blouse S,B0143,$6.98 ,$7.56 ,7/29/2020,20207,,,,,,,,,755
7,Texas Thrift Store,Cabi Purple Eva Peplum Blouse 731 M,B0144,$4.98 ,$5.39 ,7/29/2020,20207,,,,,,,,,755
6,Texas Thrift Store,Lavender Fields Striped Tie Front Crop Boho Top S,B0145,$4.98 ,$5.39 ,7/30/2020,20207,Poshmark,$15.00 ,$3.00 ,$0.00 ,$12.00 ,$6.61 ,7/18/2021,20217,353
6,Texas Thrift Store,Zara Basic Peplum Bell Sleeve Polka Dot Top XS,B0146,$4.98 ,$5.39 ,7/30/2020,20207,,,,,,,,,754
7,Texas Thrift Store,Cabi Flaunt Wrap Blouse 3077 M,B0147,$4.98 ,$5.39 ,7/30/2020,20207,,,,,,,,,754
10-Sep,Texas Thrift Store,Alo Yoga Space Dye Teal Air Brush Capri Crop Legging,B0148,$4.98 ,$5.39 ,8/18/2020,20208,,,,,,,,,735
7,Texas Thrift Store,Zara Woman White Bell Sleeve Blouse M,B0149,$5.98 ,$6.47 ,8/13/2020,20208,,,,,,,,,740
5,Texas Thrift Store,Cloth & Stone Anthropologie Split Back Fray Chambray Top M,B0150,$4.98 ,$5.39 ,8/10/2020,20208,,,,,,,,,743
5,Texas Thrift Store,Meraki Floral Boho Blouse S,B0151,$3.98 ,$4.31 ,8/13/2020,20208,,,,,,,,,740
5,Texas Thrift Store,Meraki Floral Kimono Cardigan M,B0152,$5.98 ,$6.47 ,8/13/2020,20208,,,,,,,,,740
5,Texas Thrift Store,Pleione NWT Surplice Roll Sleeve High/Low Blouse S,B0155,$3.98 ,$4.31 ,8/12/2020,20208,,,,,,,,,741
N/A,Goodwill Austin Hwy,Lucky Brand Suede Leather Moccasins Loafers 7.5,B0156,$6.99 ,$7.57 ,8/17/2020,20208,,,,,,,,,736
,Goodwill Austin Hwy,Pleione Short Sleeve V-Neck Blouse M,B0158,$0.00 ,$0.00 ,9/18/2020,20209,Poshmark,$17.00 ,$3.40 ,$0.00 ,$13.60 ,$13.60 ,1/20/2021,20211,124
12-Nov,Goodwill Austin Hwy,Anthropologie Pins & Needles Polka Dot Floral Dress S,B0159,$7.99 ,$8.65 ,8/10/2020,20208,,,,,,,,,743
,Goodwill Austin Hwy,Zara Pleated Flowing Polka Dot Dress S,B0160,$7.99 ,$8.65 ,8/1/2020,20208,Poshmark,$28.00 ,$5.60 ,$2.46 ,$19.94 ,$11.29 ,2/20/2021,20212,203
,Goodwill Austin Hwy,346 Brooks Brothers Black Sheath Dress 10,B0161,$7.99 ,$8.65 ,8/5/2020,20208,Poshmark,$23.00 ,$4.60 ,$0.00 ,$18.40 ,$9.75 ,10/22/2021,202110,443
,Goodwill Austin Hwy,HD in Paris Anthro Plaid Andaz Empire Lined Midi Dress 2P,B0162,$7.99 ,$8.65 ,8/1/2020,20208,Poshmark,$60.00 ,$12.00 ,$2.12 ,$45.88 ,$37.23 ,1/2/2021,20211,154
Hanging,Goodwill Austin Hwy,Elie Tahari NWT Anetta Jacket Blazer Lovely in Pink Small,B0164,$7.99 ,$8.65 ,8/12/2020,20208,,,,,,,,,741
,Goodwill Austin Hwy,Zara Plaid Square Textured Dress S,B0166,$7.99 ,$8.65 ,8/6/2020,20208,Poshmark,$28.00 ,$5.60 ,$2.46 ,$19.94 ,$11.29 ,2/20/2021,20212,198
,Goodwill Austin Hwy,Floreat Manor Gates Anthropologie Dress 6,B0168,$7.99 ,$8.65 ,8/8/2020,20208,Poshmark,$50.00 ,$10.00 ,$0.00 ,$40.00 ,$31.35 ,3/11/2021,20213,215
14,Goodwill N Loop 1604,Betsey Johnson Floral Crossbody Purse,B0170,$5.00 ,$5.41 ,8/17/2020,20208,,,,,,,,,736
6,Goodwill N Loop 1604,AEO Semi Sheer Floral Blouse S,B0172,$2.40 ,$2.60 ,9/18/2020,20209,,,,,,,,,704
,Goodwill N Loop 1604,Zara Short Sleeve Mustard Gold Knit Top M,B0173,$2.40 ,$2.60 ,8/18/2020,20208,Poshmark,$21.67 ,$4.33 ,$2.48 ,$14.85 ,$12.25 ,5/30/2021,20215,285
10-Sep,Goodwill Cibolo,Zumba Legging Ruched L,B0174,$4.79 ,$5.19 ,8/18/2020,20208,,,,,,,,,735
,Goodwill Cibolo,J. Crew Pleated Front Boho Blouse 2,B0176,$4.79 ,$5.19 ,9/18/2020,20209,Poshmark,$17.50 ,$3.50 ,$1.23 ,$12.77 ,$7.58 ,5/28/2021,20215,252
13,Goodwill Cibolo,Almost Famous Shortall Distressed Overall Shorts 1,B0177,$7.99 ,$8.65 ,8/18/2020,20208,,,,,,,,,735
6,Goodwill Cibolo,Express Black Open Back Top XS,B0182,$4.79 ,$5.19 ,9/18/2020,20209,,,,,,,,,704
,Goodwill Cibolo,Eden & Olivia Anthro Arrow 100% Cotton Blouse M,B0183,$2.40 ,$2.60 ,9/18/2020,20209,Poshmark,$28.00 ,$5.60 ,$2.46 ,$19.94 ,$17.34 ,6/1/2021,20216,256
12-Nov,Goodwill Cibolo,Karl Lagerfeld White Sleeveless Dot Sheath Dress 6,B0184,$6.50 ,$7.04 ,9/18/2020,20209,,,,,,,,,704
,Goodwill Cibolo,Pleione Anthro Paisley Blouse L,B0185,$2.40 ,$2.60 ,8/18/2020,20208,Poshmark,$20.00 ,$4.00 ,$0.00 ,$16.00 ,$13.40 ,7/10/2021,20217,326
7,Goodwill Cibolo,Umbro Coral Pink Logo Hoodie S,B0186,$2.40 ,$2.60 ,9/18/2020,20209,,,,,,,,,704
,Goodwill Cibolo,Ann Taylor Sleeveless Blouse Floral 6,B0188,$2.40 ,$2.60 ,8/18/2020,20208,Poshmark,$25.00 ,$5.00 ,$0.00 ,$20.00 ,$17.40 ,7/10/2021,20217,326
6,Goodwill Cibolo,Lily White NWT Sheer Lace Floral Blouse XL,B0189,$2.40 ,$2.60 ,8/18/2020,20208,,,,,,,,,735
N/A,Goodwill Bins S ATX,Dolce Vita Payce Demi Wedge Slide Sandal 7,B0191,$1.17 ,$1.27 ,9/29/2020,20209,,,,,,,,,693
N/A,Goodwill Bins S ATX,Lucky Brand Emmie Metallic Bronze Flats 7.5,B0193,$1.17 ,$1.27 ,9/29/2020,20209,,,,,,,,,693
N/A,Goodwill Bins S ATX,American Rag Audrey Suede Platform Wedge 7,B0194,$1.17 ,$1.27 ,9/29/2020,20209,,,,,,,,,693
,Goodwill Bins S ATX,Viscata Sagaro Canvas Wedges Espadrilles 36 /5.5-6,B0195,$1.17 ,$1.27 ,9/29/2020,20209,Poshmark,$30.00 ,$6.00 ,$0.00 ,$24.00 ,$22.73 ,3/8/2021,20213,160
N/A,Goodwill Bins S ATX,Jeffrey Campbell Cap Toe Suede Color Block Pump 7.5,B0198,$1.17 ,$1.27 ,9/29/2020,20209,Poshmark,$30.00 ,$6.00 ,$0.00 ,$24.00 ,$22.73 ,11/9/2021,202111,406
,Goodwill Bins S ATX,Crocs Cap Toe Tortoise Flat 10,B0202,$1.17 ,$1.27 ,9/29/2020,20209,Poshmark,$30.00 ,$6.00 ,$0.00 ,$24.00 ,$22.73 ,7/7/2021,20217,281
,Goodwill Bins S ATX,DV by Dolce Vita Kaden Silver Sandals 6,B0203,$1.17 ,$1.27 ,9/29/2020,20209,Poshmark,$13.00 ,$2.95 ,$0.00 ,$10.05 ,$8.78 ,2/24/2021,20212,148
N/A,Goodwill Bins S ATX,AEO Strappy Leather Slide Sandal 10,B0204,$1.17 ,$1.27 ,9/29/2020,20209,Poshmark,$15.00 ,$3.00 ,$0.00 ,$12.00 ,$10.73 ,7/18/2021,20217,292
N/A,Goodwill Bins S ATX,Kids Crocs Navy Clogs 6,B0205,$1.17 ,$1.27 ,10/17/2021,202110,,,,,,,,,310
N/A,Goodwill Bins S ATX,Kids Crocs Red Perforated Slip On 6,B0206,$1.17 ,$1.27 ,10/17/2021,202110,,,,,,,,,310
N/A,Goodwill Bins S ATX,Kids Crocs Red Perforated Slip On 6,B0207,$1.17 ,$1.27 ,10/17/2021,202110,,,,,,,,,310
14,Goodwill Bins S ATX,Ann Taylor LOFT Size 4 Black Pencil Skirt,B0209,$1.17 ,$1.27 ,10/17/2021,,,,,,,,,,310
12-Nov,Goodwill Bins S ATX,BCBGMaxAzria Dress 02,B0210,$1.17 ,$1.27 ,8/27/2020,,,,,,,,,,726
14,Goodwill Bins S ATX,Banana Republic Stretch Pencil Skirt 6,B0211,$1.17 ,$1.27 ,10/17/2021,,,,,,,,,,310
5,Goodwill Bins S ATX,Ann Taylor Green Blouse M,B0212,$1.17 ,$1.27 ,7/8/2021,,,,,,,,,,411
2,Goodwill Bins S ATX,Lucky Brand Floral Button Down Semi Sheer m,B0213,$1.17 ,$1.27 ,3/26/2021,,,,,,,,,,515
,Goodwill Bins S ATX,Victoria's Secret Racer Back XL,B0216,$1.17 ,$1.27 ,12/11/2020,,Poshmark,$8.00 ,$2.95 ,$0.00 ,$5.05 ,$3.78 ,7/4/2021,20217,205
,Goodwill Bins S ATX,BCBGMaxAzria Black Cardigan Wrap XS,B0217,$1.17 ,$1.27 ,8/27/2020,,Poshmark,$20.00 ,$4.00 ,$0.00 ,$16.00 ,$14.73 ,1/13/2021,20211,139
2,Goodwill Bins S ATX,Banana Republic Tie Front Gold Speck Blazer 0,B0220,$1.17 ,$1.27 ,3/29/2021,,Poshmark,$21.00 ,$4.20 ,$2.46 ,$14.34 ,$13.07 ,11/13/2021,202111,229
12-Nov,Goodwill Bins S ATX,Billabong Dress S,B0221,$1.17 ,$1.27 ,12/11/2020,202012,,,,,,,,,620
12-Nov,Goodwill Bins S ATX,Altar'd State Purple Shirt Dress Tunic S,B0222,$1.17 ,$1.27 ,9/18/2020,20209,,,,,,,,,704
7,Goodwill Bins S ATX,Topshop Pink Blouse 6,B0223,$1.17 ,$1.27 ,9/18/2020,20209,,,,,,,,,704
3,Goodwill Bins S ATX,DAY Rolling Stones Graphic Crop T S,B0224,$1.17 ,$1.27 ,12/11/2020,202012,Poshmark,$22.00 ,$4.40 ,$2.46 ,$15.14 ,$13.87 ,7/24/2021,20217,225
,Goodwill Bins S ATX,Michael Stars Wrap Top OS,B0225,$1.17 ,$1.27 ,10/26/2020,202010,Poshmark,$28.00 ,$5.60 ,$2.46 ,$19.94 ,$18.67 ,2/18/2021,20212,115
6,Goodwill Bins S ATX,Pretty Fit Graphic Bulk Gear Crop T M,B0228,$1.17 ,$1.27 ,10/26/2020,202010,,,,,,,,,666
4,Goodwill Bins S ATX,Eileen Fisher Long Sleeve Top XS,B0229,$1.17 ,$1.27 ,12/11/2020,202012,,,,,,,,,620
,Goodwill Bins S ATX,Mondetta Eggplant Purple Athletic Tank Top,B0230,$1.17 ,$1.27 ,12/11/2020,202012,Poshmark,$28.00 ,$5.60 ,$0.00 ,$22.40 ,$21.13 ,6/8/2021,20216,179
7,Goodwill Bins S ATX,Banana Republic Long Cardigan Tunic XS,B0231,$1.17 ,$1.27 ,12/23/2020,202012,,,,,,,,,608
4,Goodwill Bins S ATX,Vince Double Layer Men's Full Zip Waffle Hoodie L,B0232,$1.17 ,$1.27 ,12/11/2020,202012,Poshmark,$78.00 ,$15.60 ,$0.00 ,$62.40 ,$61.13 ,12/23/2021,202112,377
,Goodwill Bins S ATX,Bershka ASOS Denim Cut Off High Waisted Shorts 2,B0233,$1.17 ,$1.27 ,3/12/2021,,Poshmark,$22.00 ,$4.40 ,$2.46 ,$15.14 ,$13.87 ,7/8/2021,20217,118
,Goodwill Bins S ATX,Banana Republic White Shift Dress 4,B0234,$1.17 ,$1.27 ,9/18/2020,20209,Poshmark,$18.00 ,$3.60 ,$0.00 ,$14.40 ,$13.13 ,7/7/2021,20217,292
6,Goodwill Bins S ATX,GAP Boho Blouse XS,B0235,$1.17 ,$1.27 ,10/26/2020,202010,,,,,,,,,666
6,Goodwill Bins S ATX,Nordstrom Treasure & Bond Men's Distressed T Shirt L,B0236,$1.17 ,$1.27 ,9/18/2020,20209,,,,,,,,,704
12-Nov,Goodwill Bins S ATX,Old Navy XXL Plus Size Striped Swing Dress,B0238,$1.17 ,$1.27 ,12/11/2020,202012,,,,,,,,,620
5,Goodwill Bins S ATX,Banana Republic Striped Cardigan S,B0239,$1.17 ,$1.27 ,12/11/2020,,,,,,,,,,620
,Goodwill Bins S ATX,Levi's Extra High Waist Mom Jeans Cut off Distress Shorts ,B0240,$1.17 ,$1.27 ,Repairing,,,,,,,,,,
,Goodwill Bins S ATX,89th & Madison Stitch Fix Black Straight Leg Stretch Pants M,B0241,$1.17 ,$1.27 ,3/16/2021,,Poshmark,$20.00 ,$4.00 ,$2.46 ,$13.54 ,$12.27 ,5/3/2021,20215,48
3,Goodwill Bins S ATX,Madewell Bedtime Pajama Shirt Ivory Rainbow Stripe M,B0242,$1.17 ,$1.27 ,12/11/2020,,,,,,,,,,620
13,Goodwill Bins S ATX,Pilcro and the Letterpress Anthro Slim Boyfriend Cuff Shorts 25,B0244,$0.00 ,$0.00 ,3/14/2021,20213,,,,,,,,,527
,Nordstrom Rack,Soludos Alma Espadrille Mule Pink 7.5 NWT,B0246,$8.74 ,$9.46 ,8/20/2020,20208,Poshmark,$35.00 ,$7.00 ,$0.00 ,$28.00 ,$18.54 ,1/9/2021,20211,142
,Nordstrom Rack,Soludos Alma Espadrille Mule Pink 6.5 NWT,B0247,$8.74 ,$9.46 ,8/20/2020,20208,Poshmark,$40.00 ,$8.00 ,$7.45 ,$24.55 ,$15.09 ,3/19/2021,20213,211
,Nordstrom Rack,Soludos Alma Espadrille Mule Pink 9 NWT,B0249,$8.74 ,$9.46 ,8/20/2020,20208,Poshmark,$40.00 ,$8.00 ,$0.00 ,$32.00 ,$22.54 ,4/7/2021,20214,230
N/A,Nordstrom Rack,Soludos Alma Espadrille Mule Marigold 8.5 NWT,B0250,$8.74 ,$9.46 ,8/20/2020,20208,,,,,,,,,733
N/A,Nordstrom Rack,Free People Ref Cherokee Moccasin 36 / 6 NWT,B0251,$14.99 ,$16.23 ,8/20/2020,20208,,,,,,,,,733
N/A,Nordstrom Rack,Free People Ref Cherokee Moccasin 38 / 8 NWT,B0252,$14.99 ,$16.23 ,8/20/2020,20208,,,,,,,,,733
N/A,Nordstrom Rack,Free People Ref Cherokee Moccasin 39 / 9 NWT,B0253,$14.99 ,$16.23 ,8/20/2020,20208,Poshmark,$54.00 ,$10.80 ,$7.45 ,$35.75 ,$19.52 ,10/7/2021,202110,413
N/A,Nordstrom Rack,Soludos Pride Smoking Slipper Espadrille 6 NWT,B0254,$7.87 ,$8.52 ,8/20/2020,20208,,,,,,,,,733
N/A,Nordstrom Rack,Soludos Pride Smoking Slipper Espadrille 7 NWT,B0255,$7.87 ,$8.52 ,8/20/2020,20208,,,,,,,,,733
N/A,Nordstrom Rack,Soludos Pride Smoking Slipper Espadrille 8 NWT,B0256,$7.87 ,$8.52 ,8/20/2020,20208,Poshmark,$48.00 ,$9.60 ,$7.45 ,$30.95 ,$22.43 ,7/30/2021,20217,344
N/A,Nordstrom Rack,Sorel Ella Slingback Waterproof Sandal Metallic 6 NWT,B0258,$9.62 ,$10.41 ,8/20/2020,20208,,,,,,,,,733
N/A,Nordstrom Rack,Eileen Fisher Wallis Wedge Espadrille 6 NWT,B0259,$17.49 ,$18.93 ,8/20/2020,20208,,,,,,,,,733
,Nordstrom Rack,Sam Edelman Everie Suede Flats 7 NWT,B0263,$8.74 ,$9.46 ,8/20/2020,20208,Poshmark,$30.00 ,$6.00 ,$0.00 ,$24.00 ,$14.54 ,3/28/2021,20213,220
,Nordstrom Rack,Sam Edelman Clara Flat Mule Leather Black NWT 10,B0265,$10.49 ,$11.36 ,8/20/2020,20208,Poshmark,$30.00 ,$6.00 ,$0.00 ,$24.00 ,$12.64 ,3/10/2021,20213,202
N/A,Nordstrom Rack,Madewell The Boardwalk Ankle-Strap Black Sandal NWT 6.5,B0267,$11.24 ,$12.17 ,8/20/2020,20208,Poshmark,$45.00 ,$9.00 ,$7.45 ,$28.55 ,$16.38 ,10/3/2021,202110,409
,Nordstrom Rack,Madewell The Boardwalk Woven Strap Sandal Leather True Black NWT 6,B0268,$11.24 ,$12.17 ,8/20/2020,20208,Poshmark,$43.00 ,$8.60 ,$7.45 ,$26.95 ,$14.78 ,6/5/2021,20216,289
,Nordstrom Rack,Madewell The Boardwalk Woven Strap Sandal Leather Silver NWT 7.5,B0270,$11.24 ,$12.17 ,8/20/2020,20208,Defective,$0.00 ,$0.00 ,$0.00 ,$0.00 ,$0.00 ,3/19/2021,20213,211
6,Thrift City,Lucky Brand Dot Circle Racer Back Tank S,B0272,$4.00 ,$4.00 ,12/11/2020,202012,,,,,,,,,620
,Thrift City,LOFT Outlet Long Sleeve Maroon Blouse M,B0273,$5.00 ,$5.00 ,12/11/2020,202012,Poshmark,$20.00 ,$4.00 ,$0.00 ,$16.00 ,$11.01 ,7/10/2021,20217,211
4,Thrift City,LRL Green Label Black and Gold Stripe Sweater L,B0274,$5.00 ,$5.00 ,12/11/2020,202012,,,,,,,,,620
,Thrift City,Old Navy Active Legging Color Block High Waist S,B0275,$2.00 ,$2.00 ,3/16/2021,20213,Poshmark,$14.00 ,$2.95 ,$2.46 ,$8.59 ,$6.60 ,5/24/2021,20215,69
10-Sep,Thrift City,COH Ava Low Rise Straight Leg 24,B0276,$7.39 ,$8.39 ,3/14/2021,20213,,,,,,,,,527
,Thrift City,Ann Taylor LOFT Pink Ruffle Sweater XS,B0277,$4.00 ,$4.00 ,12/11/2020,202012,Poshmark,$15.00 ,$3.00 ,$0.00 ,$12.00 ,$8.01 ,2/9/2021,20212,60
7,Thrift City,Cabi Blouse 3597 L,B0279,$5.00 ,$5.00 ,12/11/2020,202012,Poshmark,$22.00 ,$4.40 ,$2.46 ,$15.14 ,$10.15 ,10/1/2021,202110,294
7,Thrift City,J. Crew Sequin Stripe Tank NWT S,B0280,$5.00 ,$5.00 ,12/11/2020,202012,,,,,,,,,620
2,Thrift City,Lucky Brand Racer Back Tank S,B0281,$3.00 ,$3.00 ,9/18/2020,20209,,,,,,,,,704
3,Thrift City,Cabi Sweet Talk Red Striped Peplum Top 3631 S,B0282,$4.00 ,$4.00 ,9/18/2020,20209,,,,,,,,,704
6,Thrift City,Gypsies & Moondust Floral Hoodie M,B0284,$1.50 ,$1.50 ,9/18/2020,20209,,,,,,,,,704
6,Thrift City,Talbots Striped tres chic embroidered Top SP,B0285,$4.00 ,$4.00 ,12/11/2020,,,,,,,,,,620
,Thrift City,Ann Taylor Shift Dress Brown SP,B0286,$7.50 ,$7.50 ,9/18/2020,20209,Poshmark,$32.00 ,$6.40 ,$7.45 ,$18.15 ,$10.66 ,7/19/2021,20217,304
12-Nov,Thrift City,LRL Green Label Bodycon Dress 6,B0287,$7.50 ,$7.50 ,9/18/2020,20209,Poshmark,$40.00 ,$8.00 ,$2.46 ,$29.54 ,$22.05 ,12/17/2021,202112,455
6,Thrift City,J. Crew Collector Tees Frenchie Graphic T NWOT XS,B0288,$4.00 ,$4.00 ,9/18/2020,20209,,,,,,,,,704
6,Thrift City,J. Crew Paisley Sleeveless Blouse NWOT 8,B0289,$4.00 ,$4.00 ,9/18/2020,20209,,,,,,,,,704
3,Thrift City,Alya Franchesca's Collections Tunic Fringe Blouse L,B0290,$1.50 ,$1.50 ,12/11/2020,202012,,,,,,,,,620
6,Thrift City,J. Crew NWT Charcoal Sequin Cardigan S,B0291,$5.00 ,$5.00 ,10/26/2020,202010,,,,,,,,,666
6,Thrift City,J. Crew Beige Sequin Cardigan S,B0292,$4.00 ,$4.00 ,9/18/2020,20209,,,,,,,,,704
6,Thrift City,Halogen Sleeveless Blouse Ruffle Neckline L,B0293,$4.00 ,$4.00 ,9/18/2020,20209,,,,,,,,,704
6,Texas Thrift Store,Eden & Olivia Floral Blouse L,B0294,$3.49 ,$3.49 ,12/23/2020,202012,,,,,,,,,608
2,Texas Thrift Store,Lucky Brand Floral Long Sleeve Blouse Semi Sheer M,B0295,$4.89 ,$4.89 ,12/11/2020,202012,,,,,,,,,620
6,Texas Thrift Store,Eden & Olivia Floral Blouse XL,B0296,$2.79 ,$2.79 ,12/23/2020,202012,,,,,,,,,608
6,Texas Thrift Store,BCBGMaxazria Long Sleeve Button Down Blouse PXL,B0297,$2.09 ,$2.09 ,12/23/2020,202012,,,,,,,,,608
3,Texas Thrift Store,Love Riche Long Bell Sleeve Avery Wine Color Blouse NWT L,B0298,$2.99 ,$2.99 ,3/26/2021,20213,,,,,,,,,515
6,Texas Thrift Store,LRL Green Label Ruffle Floral Blouse PM,B0299,$2.49 ,$2.49 ,10/26/2020,202010,,,,,,,,,666
6,Texas Thrift Store,Ann Taylor Green Dot Blouse M,B0300,$2.49 ,$2.49 ,10/26/2020,202010,,,,,,,,,666
3,Texas Thrift Store,Blu Pepper Vintage Embroidered Bell Sleeve Boho Blouse M,B0301,$2.49 ,$2.49 ,3/26/2021,20213,,,,,,,,,515
7,Texas Thrift Store,Eden & Olivia Floral Semi Sheer Blouse M,B0302,$2.49 ,$2.49 ,12/23/2020,202012,,,,,,,,,608
7,Texas Thrift Store,Umgee Green Boho Lace Blouse,B0303,$1.99 ,$1.99 ,12/23/2020,202012,,,,,,,,,608
6,Texas Thrift Store,The Limited Bow Blouse L,B0304,$3.49 ,$3.49 ,12/23/2020,202012,,,,,,,,,608
3,Texas Thrift Store,Altar'd State Boho Embroidered Long Sleeve Blouse L,B0305,$2.49 ,$2.49 ,3/26/2021,20213,,,,,,,,,515
,Texas Thrift Store,AEO Semi Sheer Floral Ruffle Tank M,B0306,$1.99 ,$1.99 ,12/23/2020,202012,Poshmark,$20.00 ,$4.00 ,$1.50 ,$14.50 ,$12.51 ,3/12/2021,20213,79
7,Texas Thrift Store,Meraki Paisley Boho Blouse M,B0307,$1.99 ,$1.99 ,12/23/2020,202012,,,,,,,,,608
6,Texas Thrift Store,Ann Taylor Black Sleeveless Ruffle Tank M,B0308,$2.09 ,$2.09 ,12/23/2020,202012,,,,,,,,,608
,Texas Thrift Store,Altar'd State Wrap Dress Boho L,B0309,$4.89 ,$4.89 ,12/23/2020,202012,Poshmark,$22.00 ,$4.40 ,$0.00 ,$17.60 ,$12.71 ,11/1/2021,202111,313
3,Texas Thrift Store,RO&DE Embroidered Tunic Blouse L,B0310,$3.49 ,$3.49 ,3/26/2021,20213,,,,,,,,,515
5,Texas Thrift Store,Lush Ruffle Blouse Tank Black L,B0311,$2.09 ,$2.09 ,12/11/2020,202012,,,,,,,,,620
,Texas Thrift Store,Gaze Graphic Eye Tank M,B0312,$1.39 ,$1.39 ,12/23/2020,202012,Poshmark,$21.67 ,$4.33 ,$2.48 ,$14.85 ,$13.46 ,5/30/2021,20215,158
6,Texas Thrift Store,LRL Green Label Silk Paisley Blouse PL,B0313,$3.49 ,$3.49 ,12/23/2020,202012,,,,,,,,,608
6,Texas Thrift Store,Pins and Needles UO Polka Dot Tie Blouse M,B0314,$4.19 ,$4.19 ,10/26/2020,202010,Poshmark,$15.00 ,$3.00 ,$0.00 ,$12.00 ,$7.81 ,9/7/2021,20219,316
,Texas Thrift Store,Lulus Trinidad Suede Lace Up Pink Heel 7.5,B0315,$4.19 ,$4.19 ,9/29/2020,20209,Poshmark,$14.00 ,$2.95 ,$0.00 ,$11.05 ,$6.86 ,1/27/2021,20211,120
N/A,Texas Thrift Store,WHBM Vanessa Black Almond Toe Ankle Booties Heeled 7,B0316,$6.99 ,$6.99 ,9/29/2020,20209,Poshmark,$30.00 ,$6.00 ,$7.45 ,$16.55 ,$9.56 ,9/12/2021,20219,348
N/A,Texas Thrift Store,Seychelles Topaz Suede Wedge 7,B0318,$4.19 ,$4.19 ,9/29/2020,20209,,,,,,,,,693
n/a,Texas Thrift Store,Altar'd State Beaded Sandal 6,B0319,$3.49 ,$3.49 ,9/29/2020,20209,,,,,,,,,693
N/A,Texas Thrift Store,Neiman Marcus Cork Cap Toe Flat 8,B0320,$4.19 ,$4.19 ,9/29/2020,20209,Poshmark,$18.00 ,$3.60 ,$2.46 ,$11.94 ,$7.75 ,9/7/2021,20219,343
,Texas Thrift Store,LRL Striped Peep Toe Wedge Cecilia-es-csl 7.5,B0321,$4.19 ,$4.19 ,9/29/2020,20209,Poshmark,$30.00 ,$6.00 ,$0.00 ,$24.00 ,$19.81 ,5/31/2021,20215,244
N/A,Texas Thrift Store,Lucky Brand Mindra Wedge 9,B0322,$3.49 ,$3.49 ,9/29/2020,20209,,,,,,,,,693
7,Goodwill Derby KS,LC Lauren Conrad Bow Print Top S,B0325,$3.99 ,$4.31 ,12/11/2020,202012,,,,,,,,,620
10-Sep,Goodwill Derby KS,Express Columnist Grey Dress Pants 8S,B0326,$3.99 ,$4.31 ,3/14/2021,20213,Poshmark,$15.00 ,$3.00 ,$0.00 ,$12.00 ,$7.69 ,10/22/2021,202110,222
10-Sep,Goodwill Derby KS,Kut from the Kloth Lauren Crop Straight Leg Jeans 2,B0327,$3.99 ,$4.31 ,3/17/2021,20213,,,,,,,,,524
,Goodwill Derby KS,Kuhl Hiking Skirt Black Maroon Fleece S,B0328,$3.49 ,$3.77 ,3/17/2021,20213,Poshmark,$20.00 ,$4.00 ,$0.00 ,$16.00 ,$12.23 ,4/13/2021,20214,27
10-Sep,Goodwill Derby KS,Express NWT Tan Ultimate Chino Straight Mid Rise Dress Pants 4R,B0329,$3.99 ,$4.31 ,3/17/2021,20213,Poshmark,$27.00 ,$5.40 ,$2.46 ,$19.14 ,$14.83 ,9/11/2021,20219,178
7,Goodwill Derby KS,Ann Taylor LOFT Animal Leopard Print Top L Petite,B0330,$3.99 ,$4.31 ,12/23/2020,202012,,,,,,,,,608
3,Goodwill Derby KS,Ann Taylor LOFT Ruffle Front Top M Petite,B0331,$2.99 ,$3.23 ,12/23/2020,202012,,,,,,,,,608
4,Goodwill Derby KS,Hollister Racer Back Tank Boho S,B0332,$2.99 ,$3.23 ,12/23/2020,202012,,,,,,,,,608
7,Goodwill Derby KS,Maurice's NWT Boho Tunic Top S,B0333,$2.99 ,$3.23 ,12/23/2020,202012,,,,,,,,,608
,Goodwill Cibolo,Dansko XP Silver Ornate Flower Design Clog 41 (10.5-11),B0335,$5.00 ,$5.41 ,9/29/2020,20209,Poshmark,$49.00 ,$9.80 ,$7.45 ,$31.75 ,$26.34 ,4/6/2021,20214,189
N/A,Goodwill Cibolo,You're the Best Procelian Mug,B0336,$1.09 ,$1.18 ,3/14/2021,20213,,,,,,,,,527
7,Goodwill Cibolo,Adrianna Papell Striped Blouse 1X,B0337,$5.00 ,$5.41 ,12/23/2020,202012,,,,,,,,,608
4,Goodwill Cibolo,Columbia Omni Wick Long Sleeve Thermal M,B0338,$2.40 ,$2.59 ,12/11/2020,202012,Poshmark,$20.00 ,$4.00 ,$0.00 ,$16.00 ,$13.41 ,10/12/2021,202110,305
WEARING,Goodwill Cibolo,GAP The Modern Tee Wide Neck Top M,B0339,$4.79 ,$5.19 ,WEARING,,,,,,,,,,
,Goodwill Cibolo,WHBM NWT The Ponte Slim Boot White Dress Pants 0R,B0340,$4.79 ,$5.19 ,3/17/2021,20213,Poshmark,$28.00 ,$5.60 ,$2.46 ,$19.94 ,$14.75 ,3/27/2021,20213,10
,Garage Sale,Lagaci NWT Boho Gypsy Cream Dress L,B0341,$1.00 ,$1.00 ,3/26/2021,20213,Poshmark,$15.00 ,$3.00 ,$0.00 ,$12.00 ,$11.00 ,8/21/2021,20218,148
12-Nov,Garage Sale,Max Studio Lace Dress S,B0342,$1.00 ,$1.00 ,12/23/2020,202012,,,,,,,,,608
5,Garage Sale,Sheer Lace Top,B0343,$1.00 ,$1.00 ,12/23/2020,202012,,,,,,,,,608
7,Garage Sale,Gimmicks BKE lace boho top XS,B0344,$1.00 ,$1.00 ,12/23/2020,202012,,,,,,,,,608
Defective,Garage Sale,BKE Lace Racerback Coral Tank S,B0345,$1.00 ,$1.00 ,Defective,,Defective,$0.00 ,$0.00 ,$0.00 ,$0.00 ,($1.00),3/30/2021,20213,
,Garage Sale,Express The Portofino Shirt Red Roll Tab Blouse S,B0346,$1.00 ,$1.00 ,12/23/2020,202012,Poshmark,$25.00 ,$5.00 ,$0.00 ,$20.00 ,$19.00 ,1/7/2021,20211,15
,Garage Sale,Levi's 524 Too Superlow Dark Wash Denim Jeans 5M,B0347,$1.00 ,$1.00 ,3/15/2021,20213,Poshmark,$20.00 ,$4.00 ,$0.00 ,$16.00 ,$15.00 ,5/28/2021,20215,74
12-Nov,Goodwill Cibolo,BCBGMaxAzria NWT Black Sequin Swing Mini Dress 02,B0348,$12.99 ,$14.06 ,12/23/2020,202012,,,,,,,,,608
,Goodwill Cibolo,Umgee Floral Boho Long Sleeve Blouse XL,B0349,$4.79 ,$5.19 ,12/23/2020,202012,Poshmark,$25.00 ,$5.00 ,$0.00 ,$20.00 ,$14.81 ,1/4/2021,20211,12
7,Goodwill Cibolo,Umgee Red Blouse Cold Shoulder Lace Plus Size1XL,B0350,$4.79 ,$5.19 ,12/23/2020,202012,,,,,,,,,608
2,Goodwill Cibolo,Umgee Orange Grey Blouse Semi Sheer XL,B0351,$4.79 ,$5.19 ,12/23/2020,202012,Poshmark,$25.00 ,$5.00 ,$2.46 ,$17.54 ,$12.35 ,7/18/2021,20217,207
12-Nov,Goodwill Cibolo,Band of Gypsies Strapless Boho Dress S,B0352,$4.00 ,$4.33 ,12/23/2020,202012,,,,,,,,,608
6,Goodwill Cibolo,Umgee Open Back Geometric Print Blouse Semi Sheer L,B0353,$4.79 ,$5.19 ,12/23/2020,202012,,,,,,,,,608
,Goodwill Cibolo,Power Hold Fabletics High Waist Crop Legging S,B0354,$4.79 ,$5.19 ,3/15/2021,20213,Poshmark,$18.00 ,$3.60 ,$0.00 ,$14.40 ,$9.21 ,4/2/2021,20214,18
2,Goodwill Cibolo,Umgee Chevron Rainbow Geometric Blouse Plus Size 1XL,B0355,$4.79 ,$5.19 ,12/23/2020,202012,,,,,,,,,608
6,Goodwill Cibolo,Fig and Flower Anthro Paisley Semi-Sheer Boho Blouse S,B0356,$4.79 ,$5.19 ,10/14/2021,202110,,,,,,,,,313
4,Goodwill Cibolo,entro boho Bell Sleeve Long Sleeve Strappy Blouse L,B0357,$4.79 ,$5.19 ,3/26/2021,20213,,,,,,,,,515
6,Goodwill Cibolo,Lucky Brand White Scoop Neck Henley Thermal Lace L,B0358,$4.79 ,$5.19 ,12/23/2020,202012,,,,,,,,,608
3,Goodwill Cibolo,Umgee Kimono Wrap Embroidered S/M,B0359,$4.79 ,$5.19 ,3/27/2021,20213,,,,,,,,,514
,Goodwill Cibolo,aerie NWT black long sleeve shirt hoodie L,B0360,$4.79 ,$5.19 ,12/23/2020,202012,Poshmark,$20.00 ,$4.00 ,$2.12 ,$13.88 ,$8.69 ,2/2/2021,20212,41
3,Goodwill Cibolo,Express Split Back Tank White Black S,B0361,$4.00 ,$4.33 ,3/27/2021,20213,,,,,,,,,514
12-Nov,Goodwill Cibolo,nanette lepore Orange Bingo Midi Dress Floral 4,B0362,$7.99 ,$8.65 ,12/23/2020,202012,,,,,,,,,608
N/A,Goodwill Cibolo,Coach Haven Stacked Heel Studded Ankle Bootie 7.5,B0363,$14.99 ,$16.23 ,10/17/2021,202110,,,,,,,,,310
N/A,Goodwill Cibolo,Sam Edelman Gael Strappy Leather Sandal 6.5,B0364,$3.99 ,$4.32 ,10/17/2021,202110,,,,,,,,,310
N/A,Goodwill Cibolo,Torrid Maroon Suede Loafer Flat Shoe Size Unknown,B0365,$6.99 ,$7.57 ,10/17/2021,202110,,,,,,,,,310
N/A,Goodwill N Loop 1604,Lucky Brand Candy Cork Platform Wedges 6.5,B0366,$6.99 ,$7.57 ,10/17/2021,202110,,,,,,,,,310
N/A,Goodwill N Loop 1604,Lucky Brand Pickla Stacked Heel Suede Bootie 8.5,B0367,$9.99 ,$10.81 ,10/17/2021,202110,,,,,,,,,310
6,Goodwill N Loop 1604,Sparrow Anthro Wool Cashmere Cardigan Duster M,B0368,$4.79 ,$2.40 ,12/23/2020,202012,,,,,,,,,608
,Goodwill N Loop 1604,Vintage Nanette Lepore Little Black Dress 4,B0369,$4.00 ,$4.33 ,12/23/2020,202012,Poshmark,$19.50 ,$3.90 ,$1.23 ,$14.37 ,$10.04 ,5/27/2021,20215,155
WEARING,Goodwill N Loop 1604,Madewell Tulip Sleeve Floral Velvet Ruffle Top XS,B0370,$4.79 ,$5.19 ,12/23/2020,202012,,,,,,,,,608
,Goodwill N Loop 1604,Fig and Flower Boho Paisley Tunic Dress Plus Size 3x,B0371,$4.79 ,$5.19 ,12/23/2020,202012,Poshmark,$20.00 ,$4.00 ,$0.00 ,$16.00 ,$10.81 ,2/4/2021,20212,43
2,Goodwill N Loop 1604,Lucky Brand Sleeveless Boho Top Snap Front XL,B0372,$4.79 ,$5.19 ,12/23/2020,202012,,,,,,,,,608
,Goodwill N Loop 1604,Ann Taylor LOFT Button Up Blouse Peacock Feather Graphic M,B0373,$4.79 ,$5.19 ,12/23/2020,202012,Poshmark,$20.00 ,$4.00 ,$0.00 ,$16.00 ,$10.81 ,7/10/2021,20217,199
12-Nov,Goodwill N Loop 1604,Vintage nanette lepore Little Black Bodycon Dress 4,B0374,$4.00 ,$4.33 ,12/23/2020,202012,,,,,,,,,608
12-Nov,Goodwill N Loop 1604,Vintage nanette lepore Black Fit & Flare Dress 4,B0375,$7.99 ,$8.65 ,12/23/2020,202012,,,,,,,,,608
3,Goodwill N Loop 1604,Altar'd State Boho Embroidered Blouse M,B0376,$7.99 ,$8.65 ,3/27/2021,20213,,,,,,,,,514
6,Goodwill N Loop 1604,Umgee Mint Green Semi Sheer Blouse M,B0377,$7.99 ,$8.65 ,12/23/2020,202012,,,,,,,,,608
12-Nov,Goodwill N Loop 1604,ZARA Trafaluc Floral Geometric Dress S,B0378,$7.99 ,$8.65 ,12/23/2020,202012,,,,,,,,,608
12-Nov,Goodwill N Loop 1604,NWT Altar'd State Black Dress Lace Back M,B0379,$7.99 ,$8.65 ,12/23/2020,202012,,,,,,,,,608
WEARING,Clothes Mentor Selma,Express Black Knit Dolman Sleeve Cardigan S,B0380,$14.00 ,$15.16 ,Wearing,,,,,,,,,,
Wearing,Clothes Mentor Selma,Market & Spruce Blue Black Horizontal Stripe Sweater 3/4 Sleeve M,B0381,$1.10 ,$1.19 ,Wearing,,,,,,,,,,
Wearing,Clothes Mentor Selma,Maude Geometric Print & Cut Out Short Sleeve Top ,B0382,$8.00 ,$8.66 ,Wearing,,,,,,,,,,
Wearing,Clothes Mentor Selma,Maeve Floral Button Down Short Sleeve 0,B0383,$10.00 ,$10.83 ,Wearing,,,,,,,,,,
Wearing,Clothes Mentor Selma,Charming Charlie Eye Shadow Floral Sheer Kimono M,B0384,$7.00 ,$7.58 ,Wearing,,,,,,,,,,
Wearing,Clothes Mentor Selma,Joe's Jeans Curson Skinny Ankle Jeans Raw Hem Split Ankle 27,B0385,$18.00 ,$19.49 ,Wearing,,,,,,,,,,
Wearing,Clothes Mentor Selma,&Denim Low Waist Black Jeggings 29/32,B0386,$1.10 ,$1.19 ,Wearing,,,,,,,,,,
Wearing,Clothes Mentor Selma,Nike Grey Capri Joggers S,B0387,$11.00 ,$11.91 ,Wearing,,,,,,,,,,
Wearing,Clothes Mentor Selma,American Eagle Soft & Sexy Tank Grey Floral Embroidered XS,B0388,$0.70 ,$0.76 ,Wearing,,,,,,,,,,
Wearing,Clothes Mentor Selma,Heart & Hips Black and White Horizontal Striped Romper S,B0389,$1.60 ,$1.73 ,Wearing,,,,,,,,,,
Wearing,Clothes Mentor Selma,Gap Long Sleeve Floral Dress Elastic Waist S,B0390,$1.60 ,$1.73 ,Wearing,,,,,,,,,,
Wearing,Clothes Mentor Selma,miami Francesca's Green Leopard Print Split Back Tank S,B0391,$0.70 ,$0.76 ,Wearing,,,,,,,,,,
Wearing,Clothes Mentor Selma,Cotton On Grey Spaghetti Strap Dress M,B0392,$1.00 ,$1.08 ,Wearing,,,,,,,,,,
Wearing,Clothes Mentor Selma,Almost Famous Knit Sweater Rainbow Heart S,B0393,$8.00 ,$8.66 ,Wearing,,,,,,,,,,
N/A,Clothes Mentor Selma,Crocs Eve Plum Purple Pointed Toe Rubber Ballet Flat 6,B0394,$1.50 ,$1.62 ,10/17/2021,202110,,,,,,,,,310
10-Sep,Clothes Mentor Selma,Madewell Skargorn Skinny Jeans Dark Wash 25,B0395,$2.00 ,$2.17 ,3/14/2021,20213,,,,,,,,,527
4,Clothes Mentor Selma,Vince Waffle Stitch Sleeveless Tunic S,B0396,$1.10 ,$1.19 ,2/22/2021,20212,,,,,,,,,547
3,Clothes Mentor Selma,Express Neon Yellow Stripe Tank XS,B0397,$0.70 ,$0.76 ,2/22/2021,20212,,,,,,,,,547
4,Clothes Mentor Selma,Anthropologie Postage Stamp White Cotton Top SP,B0398,$1.20 ,$1.30 ,2/22/2021,20212,Poshmark,$19.00 ,$3.80 ,$2.46 ,$12.74 ,$11.44 ,10/18/2021,202110,238
,Clothes Mentor Selma,Lucy Hooded Cowl Neck Sweatshirt Hoodie S,B0399,$1.60 ,$1.73 ,2/26/2021,20212,Poshmark,$20.00 ,$4.00 ,$2.46 ,$13.54 ,$11.81 ,3/26/2021,20213,28
12-Nov,Clothes Mentor Selma,Umgee Green Long Sleeve Tiered Dress S,B0400,$1.50 ,$1.62 ,2/27/2021,20212,,,,,,,,,542
,Clothes Mentor Selma,Jealous Tomato Aztec Boho Print Lined Shorts S,B0401,$1.20 ,$1.30 ,3/14/2021,20213,Poshmark,$21.29 ,$4.26 ,$1.06 ,$15.96 ,$14.67 ,5/28/2021,20215,75
4,Clothes Mentor Selma,Anthro Little Yellow Button Winding Road Top M,B0402,$1.00 ,$1.08 ,2/25/2021,20212,,,,,,,,,544
4,Clothes Mentor Selma,Rock & Republic Distressed Black Semi Sheer T S,B0403,$1.00 ,$1.08 ,2/20/2021,20212,,,,,,,,,549
4,Clothes Mentor Selma,Lou & Grey LOFT Striped Faux Tie Front Top S,B0404,$10.00 ,$10.83 ,2/26/2021,20212,,,,,,,,,543
10-Sep,Clothes Mentor Selma,7FAM Black Straight Leg Mid Rise Jeans 26,B0405,$2.00 ,$2.17 ,10/17/2021,202110,Poshmark,$31.00 ,$6.20 ,$2.46 ,$22.34 ,$20.18 ,11/13/2021,202111,27
2,Clothes Mentor Selma,Lucky Brand Striped Button Down Tie Tank M,B0406,$1.30 ,$1.41 ,2/24/2021,20212,,,,,,,,,545
,Clothes Mentor Selma,Cabi 5040 Isla Animal Print Tank S,B0407,$1.00 ,$1.08 ,2/20/2021,20212,Poshmark,$20.00 ,$4.00 ,$2.46 ,$13.54 ,$12.46 ,2/20/2021,20212,0
4,Clothes Mentor Selma,We The Free People Rockabilly Raglan Thermal Top XS,B0408,$1.40 ,$1.52 ,2/20/2021,20212,,,,,,,,,549
4,Clothes Mentor Selma,NWT Annabella Francesca's Collections Peplum Tie Top S,B0409,$1.00 ,$1.08 ,2/20/2021,20212,,,,,,,,,549
5,Clothes Mentor Selma,miami Striped Rainbow Button Down Tie Top XS,B0410,$0.90 ,$0.97 ,2/20/2021,20212,,,,,,,,,549
,Clothes Mentor Selma,We The Free People Racerback Tiered Midi Dress M,B0411,$1.60 ,$1.73 ,2/20/2021,20212,Poshmark,$15.00 ,$3.00 ,$0.00 ,$12.00 ,$10.27 ,9/22/2021,20219,214
4,Clothes Mentor Selma,BKE Gimmicks Fringe Beaded Tank S,B0412,$1.10 ,$1.19 ,2/25/2021,20212,,,,,,,,,544
12-Nov,Clothes Mentor Selma,Madewell Texture & Thread Tiered Sleeve Red Dress XXS,B0413,$1.90 ,$2.06 ,2/23/2021,20212,,,,,,,,,546
3,Clothes Mentor Selma,Sanctuary Boho Aztec Semi Sheer Long Sleeve Top XS,B0414,$1.00 ,$1.08 ,2/23/2021,20212,,,,,,,,,546
,Clothes Mentor Selma,Cabi 250 Mosaic Print Layered Sleeveless Tunic S,B0415,$0.90 ,$0.97 ,2/25/2021,20212,Poshmark,$25.00 ,$5.00 ,$0.00 ,$20.00 ,$19.03 ,2/25/2021,20212,0
14,Clothes Mentor Selma,miami Romper Long Sleeve Embroidered S,B0416,$1.40 ,$1.52 ,2/26/2021,20212,,,,,,,,,543
12-Nov,Clothes Mentor Selma,Open Back Printed 3/4 Sleeve Shift Dress,B0417,$1.20 ,$1.30 ,2/27/2021,20212,,,,,,,,,542
4,Clothes Mentor Selma,J. Jill Geometric Long Sleeve Blouse M,B0418,$1.40 ,$1.52 ,2/27/2021,20212,,,,,,,,,542
2,Clothes Mentor Selma,Umgee Floral Tunic Top M,B0419,$1.10 ,$1.19 ,2/24/2021,20212,,,,,,,,,545
,Clothes Mentor Selma,Loveriche Blue Off Shoulder Eyelet Dress S,B0420,$1.60 ,$1.73 ,3/26/2021,20213,Poshmark,$21.29 ,$4.26 ,$1.06 ,$15.96 ,$14.23 ,5/28/2021,20215,63
2,Clothes Mentor Selma,Lucky Brand Semi Sheer Floral Long Sleeve Top XL,B0421,$1.40 ,$1.52 ,2/20/2021,20212,Poshmark,$22.00 ,$4.40 ,$0.00 ,$17.60 ,$16.08 ,8/23/2021,20218,184
12-Nov,Clothes Mentor Selma,Umgee NWT Color Block Lace Long Sleeve Dress L,B0422,$1.60 ,$1.73 ,2/24/2021,20212,,,,,,,,,545
,Clothes Mentor Selma,Lilly Pulitzer Cosmos Pink Pout Silk Tank S,B0423,$1.30 ,$1.41 ,2/21/2021,20212,Poshmark,$20.00 ,$4.00 ,$0.00 ,$16.00 ,$14.59 ,3/28/2021,20213,35
3,Clothes Mentor Selma,Cabi 3057 Tank Tank Floral Cowl Neck S,B0424,$0.90 ,$0.97 ,2/21/2021,20212,,,,,,,,,548
12-Nov,Clothes Mentor Selma,Skies are Blue Aztec Boho Embroidered Lace Dress SP,B0425,$1.60 ,$1.73 ,2/21/2021,20212,,,,,,,,,548
3,Clothes Mentor Selma,Anthropologie Cosette Top Floral Cut Out Yellow Lined S,B0426,$1.10 ,$1.19 ,2/21/2021,20212,,,,,,,,,548
,Clothes Mentor Selma,Entro Lace Boho Tank S,B0427,$1.00 ,$1.08 ,Wearing,,,,,,,,,,
4,Clothes Mentor Selma,Cabi 127 Jubilee Tank Paisley Pink S,B0428,$0.90 ,$0.97 ,2/21/2021,20212,Poshmark,$22.00 ,$4.40 ,$2.46 ,$15.14 ,$14.17 ,9/9/2021,20219,200
4,Clothes Mentor Selma,Red Camel Boho Paisley Print Top S,B0429,$0.50 ,$0.54 ,2/23/2021,20212,,,,,,,,,546
,Clothes Mentor Selma,Maeve Midi Dress V-Neck Spaghetti Strap Cotton 2,B0430,$1.60 ,$1.73 ,3/29/2021,20213,Poshmark,$28.00 ,$5.60 ,$2.46 ,$19.94 ,$18.21 ,4/20/2021,20214,22
N/A,Closet,Ball Blue Mason Jar Pint Set of 2 100 Years of Heritage 1913-1915,B0431,$0.00 ,$0.00 ,3/14/2021,20213,Poshmark,$22.00 ,$4.40 ,$0.00 ,$17.60 ,$17.60 ,10/27/2021,202110,227
,Printful,I'm Speaking VP Kamala Harris Ceramic Mug 11oz,B0432,$6.61 ,$6.61 ,3/15/2021,20213,Poshmark,$17.50 ,$3.50 ,$1.23 ,$12.77 ,$6.16 ,5/28/2021,20215,74
N/A,Printful,I'm Speaking VP Kamala Harris Ceramic Mug 15oz,B0433,$6.61 ,$6.61 ,3/15/2021,20213,,,,,,,,,526
3,Closet,Express Sequin Black Tee V Neck S,B0434,$0.00 ,$0.00 ,4/2/2021,20214,,,,,,,,,508
3,Closet,Sweet Rain Color Block Scoop Neck Tee M,B0435,$0.00 ,$0.00 ,4/2/2021,20214,,,,,,,,,508
5,Goodwill N Loop 1604,Pleione Anthro Black 3/4 Sleeve Blouse M,B0436,$4.79 ,$5.19 ,7/8/2021,20217,Poshmark,$24.75 ,$4.95 ,$1.86 ,$17.94 ,$12.75 ,12/10/2021,202112,155
5,Goodwill N Loop 1604,Marled by Reunited Clothing Graphic Heart Sweater NWOT M,B0437,$4.79 ,$5.19 ,7/8/2021,20217,Poshmark,$32.00 ,$6.40 ,$0.00 ,$25.60 ,$20.41 ,10/30/2021,202110,114
4,Goodwill N Loop 1604,Areve Anthropologie Boho Hippie Dress M,B0438,$7.99 ,$8.65 ,7/12/2021,20217,,,,,,,,,407
7,Goodwill N Loop 1604,Threads 4 Thought Anthro Sleeveless Tunic Top Sheer Back XS,B0439,$4.79 ,$5.19 ,7/7/2021,20217,,,,,,,,,412
12-Nov,Goodwill N Loop 1604,Lush Maxi Lace Swim Cover Up Dress Short Sleeve M,B0440,$7.99 ,$8.65 ,4/4/2021,20214,,,,,,,,,506
3,Goodwill N Loop 1604,mine Semi-Sheer Racer Back Top S,B0441,$4.79 ,$5.19 ,4/5/2021,20214,,,,,,,,,505
12-Nov,Goodwill N Loop 1604,Emmelee Francesca's NWT Lace Sleeveless Dress S,B0442,$7.99 ,$8.65 ,7/7/2021,20217,,,,,,,,,412
,Goodwill N Loop 1604,THML Scoop Neck Shift Dress Short Sleeve S,B0443,$4.79 ,$5.19 ,7/7/2021,20217,Poshmark,$20.00 ,$4.00 ,$0.00 ,$16.00 ,$10.81 ,8/14/2021,20218,38
WEARING,Goodwill N Loop 1604,Forever21 Cropped Sweatshirt Grey L,B0444,$4.79 ,$5.19 ,WEARING,,,,,,,,,,
4,Goodwill N Loop 1604,Nanette Lepore Blush Pink Champagne Lace Peplum Top M,B0445,$4.79 ,$5.19 ,3/30/2021,20213,,,,,,,,,511
5,Goodwill N Loop 1604,41 Hawthorn Stitch Fix Long Sleeve Print Blouse L,B0446,$4.79 ,$5.19 ,7/7/2021,20217,Poshmark,$20.00 ,$4.00 ,$0.00 ,$16.00 ,$10.81 ,8/16/2021,20218,40
5,Goodwill N Loop 1604,Athleta Racer Back Tank Neon Orange M,B0447,$4.79 ,$5.19 ,7/7/2021,20217,,,,,,,,,412
WEARING,Goodwill N Loop 1604,AEO Ruffle Button Down Tank M,B0448,$4.79 ,$5.19 ,WEARING,,,,,,,,,,
WEARING,Goodwill N Loop 1604,GAP Fit Racer Back Tank Grey XS,B0449,$4.79 ,$5.19 ,WEARING,,,,,,,,,,
5,Goodwill N Loop 1604,Express Knit Sweater Dolman 3/4 Sleeve Wide Neck L,B0450,$4.79 ,$5.19 ,7/6/2021,20217,Poshmark,$20.00 ,$4.00 ,$0.00 ,$16.00 ,$10.81 ,10/18/2021,202110,104
5,Goodwill N Loop 1604,Abercrombie & Fitch Floral Split Back Blouse S,B0451,$4.79 ,$5.19 ,7/6/2021,20217,Poshmark,$20.00 ,$4.00 ,$0.00 ,$16.00 ,$10.81 ,11/3/2021,202111,120
5,Goodwill Cibolo,Altar'd State Waffle Knit Long Sleeve Embroidered Blush Top V-Neck L,B0452,$2.40 ,$2.59 ,7/6/2021,20217,,,,,,,,,413
7,Goodwill Cibolo,Eyeshadow Waffle Knit Tie Front Button Down Top M,B0453,$2.40 ,$2.59 ,7/6/2021,20217,,,,,,,,,413
7,Goodwill Cibolo,Lavender Fields Bell Sleeve Boho Hippie Top L,B0454,$2.40 ,$2.59 ,7/6/2021,20217,,,,,,,,,413
10-Sep,Goodwill Cibolo,Free People A Modern Summer Shorts Button S,B0455,$4.79 ,$5.19 ,10/18/2021,202110,,,,,,,,,309
,Goodwill Cibolo,LOFT Striped Long Sleeve Cardigan S,B0456,$4.79 ,$5.19 ,Wearing,,,,,,,,,,
,Goodwill Cibolo,41 Hawthorn Stitch Fix 3/4 Sleeve Blouse XL,B0457,$4.79 ,$5.19 ,4/2/2021,20214,Poshmark,$24.00 ,$4.80 ,$2.46 ,$16.74 ,$11.55 ,4/27/2021,20214,25
3,Goodwill Cibolo,Ember Missy Bell Sleeve Boho Top L,B0458,$4.79 ,$5.19 ,3/30/2021,20213,,,,,,,,,511
6,Goodwill Cibolo,Levi's Graphic Semi-Cropped Hoodie XL,B0459,$4.79 ,$5.19 ,7/6/2021,20217,,,,,,,,,413
2,Goodwill Cibolo,Umgee Embroidered Oversized Flowy Boho Blouse M,B0460,$4.79 ,$5.19 ,7/7/2021,20217,,,,,,,,,412
5,Goodwill Cibolo,Maeve Anthro Maes Silk Kimono Floral Tie Top M,B0461,$4.79 ,$5.19 ,7/6/2021,20217,,,,,,,,,413
7,Goodwill Cibolo,Free People New Age Print Crop Sweater S,B0462,$4.79 ,$5.19 ,7/6/2021,20217,Poshmark,$20.00 ,$4.00 ,$0.00 ,$16.00 ,$10.81 ,9/26/2021,20219,82
3,Goodwill Cibolo,Free People Kristobel Ruffle Lace Peplum Sweater Top M,B0463,$4.79 ,$5.19 ,3/30/2021,20213,,,,,,,,,511
7,Goodwill Cibolo,Deletta Anthro Knotted Tank XS,B0464,$4.79 ,$5.19 ,7/7/2021,20217,,,,,,,,,412
5,Goodwill Cibolo,AEO Soft & Sexy Floral Long Sleeve Button Down High/Low L,B0465,$4.79 ,$5.19 ,7/7/2021,20217,,,,,,,,,412
3,Goodwill Cibolo,Annabelle Floral Boho Hippie Long Sleeve Ruffle Blouse M,B0466,$4.79 ,$5.19 ,4/5/2021,20214,,,,,,,,,505
5,Goodwill Cibolo,American Rag Floral Color Block Lace Boho Henley S,B0467,$4.79 ,$5.19 ,7/7/2021,20217,Poshmark,$15.00 ,$3.00 ,$0.00 ,$12.00 ,$6.81 ,10/21/2021,202110,106
2,Goodwill Cibolo,Umgee Kimono Wrap Boho Dolman Sleeve Lace Trim M/L,B0468,$4.79 ,$5.19 ,7/7/2021,20217,,,,,,,,,412
5,Goodwill Cibolo,Umgee Long Sleeve Distressed Tie Front Scoop Neck Top M,B0469,$4.79 ,$5.19 ,7/7/2021,20217,Poshmark,$18.00 ,$3.60 ,$0.00 ,$14.40 ,$9.21 ,10/2/2021,202110,87
,Goodwill Cibolo,Torrid Cable Knit Sweater V Neck 3/4 Sleeve 3X,B0470,$4.79 ,$5.19 ,3/30/2021,20213,Poshmark,$28.00 ,$5.60 ,$2.46 ,$19.94 ,$14.75 ,4/2/2021,20214,3
Hanging,Goodwill Cibolo,Alice + Olivia Foss Black & Berry Metallic Stripe Fit & Flare Dress 6 as seen on Zooey Deschanel and Meghan Trainor,B0471,$9.99 ,$10.81 ,7/6/2021,20217,,,,,,,,,413
6,Goodwill Cibolo,"Harley Davidson Tunic Top 3/4 Sleeve San Antonio, TX Large",B0472,$2.40 ,$2.60 ,7/11/2021,20217,,,,,,,,,408
4,Goodwill Cibolo,Altar'd State Boho Sheer Paisley Top Bell Sleeve XS,B0473,$2.40 ,$2.60 ,7/10/2021,20217,,,,,,,,,409
12-Nov,Goodwill Cibolo,Umgee NWT Embroidered Floral Lined Shift Dress Sleeveless M,B0474,$8.49 ,$9.19 ,7/15/2021,20217,,,,,,,,,404
6,Goodwill Cibolo,Torrid Floral Bell Sleeve Boho Mesh Blouse Plus Size 2X,B0475,$8.49 ,$9.19 ,7/10/2021,20217,Poshmark,$37.00 ,$7.40 ,$1.23 ,$28.37 ,$27.39 ,7/12/2021,20217,2
WEARING,Goodwill Cibolo,AEO NWT Floral Jumpsuit Romper Boho S,B0476,$11.04 ,$11.95 ,WEARING,,,,,,,,,,
WEARING,Goodwill Cibolo,AEO NWT Floral Long Sleeve Mini Dress Boho S,B0477,$11.04 ,$11.95 ,WEARING,,,,,,,,,,
6,Goodwill Cibolo,Graphic T Shirt Texas Floral Animal Print S,B0478,$2.54 ,$2.75 ,10/12/2021,202110,,,,,,,,,315
6,Goodwill Cibolo,Graphic T Shirt Alice in Wonderland Tea Cup S,B0479,$2.54 ,$2.75 ,10/13/2021,202110,,,,,,,,,314
6,Goodwill Cibolo,Graphic T Shirt But First Coffee Floral S,B0480,$2.54 ,$2.75 ,10/13/2021,202110,,,,,,,,,314
3,Goodwill Cibolo,Graphic T Shirt Boho Western Skull Floral S,B0481,$2.54 ,$2.75 ,10/13/2021,202110,,,,,,,,,314
5,Goodwill Cibolo,Acid Wash Tie Dye T Shirt M,B0482,$2.54 ,$2.75 ,10/13/2021,202110,,,,,,,,,314
3,Goodwill Cibolo,Acid Wash Tie Dye T Shirt S,B0483,$2.54 ,$2.75 ,10/15/2021,202110,,,,,,,,,312
3,Goodwill Cibolo,Acid Wash Tie Dye T Shirt S,B0484,$2.54 ,$2.75 ,,,,,,,,,,,
,Goodwill Cibolo,Graphic T Shirt Boho Skull Floral S,B0485,$2.54 ,$2.75 ,7/13/2021,20217,,,,,,,,,406
,Goodwill Cibolo,Graphic T Shirt Mandala Bear Hippie Boho Tie Dye XS,B0486,$2.54 ,$2.75 ,Wearing,,,,,,,,,,
5,Goodwill Cibolo,Graphic T Shirt Boho Western Floral Antlers S,B0487,$2.54 ,$2.75 ,7/13/2021,20217,,,,,,,,,406
5,Goodwill Cibolo,Graphic T Shirt Cowgirl Up Boot Western Floral S,B0488,$2.54 ,$2.75 ,7/13/2021,20217,,,,,,,,,406
12-Nov,Goodwill Cibolo,AEO NWOT Paisley Boho Tassle Shift Dress XXS,B0489,$6.79 ,$7.35 ,7/11/2021,20217,,,,,,,,,408
12-Nov,Goodwill Cibolo,Altar'd State Oversized Embroidered Dress Long Bell Sleeve M,B0490,$6.79 ,$7.35 ,7/11/2021,20217,,,,,,,,,408
Hanging,Goodwill Cibolo,ModCloth Uniqueness on Offer Green Blue Floral Retro Print Dress 2X Plus Size,B0491,$6.79 ,$7.35 ,7/10/2021,20217,Poshmark,$37.00 ,$7.40 ,$1.23 ,$28.37 ,$21.02 ,7/12/2021,20217,2
2,Goodwill Cibolo,Lucky Brand Distressed Pullover Long Sleeve Top L,B0492,$4.07 ,$4.41 ,7/12/2021,20217,,,,,,,,,407
5,Goodwill Cibolo,Skies Are Blue Stitch Fix Embroidered Striped Top S,B0493,$4.07 ,$4.41 ,7/12/2021,20217,,,,,,,,,407
10-Sep,Goodwill Cibolo,Evolution and Creation Boho Elephant Mandola High Waist Crop Legging S,B0494,$4.07 ,$4.41 ,10/17/2021,202110,,,,,,,,,310
WEARING,Goodwill Cibolo,miami Francesca's High Low Knit Sweater M/L,B0495,$4.07 ,$4.41 ,WEARING,,,,,,,,,,
4,Goodwill Cibolo,PrAna Milani Hoodie Waffle Thermal Grey M,B0496,$4.07 ,$4.41 ,7/15/2021,20217,Poshmark,$39.00 ,$7.80 ,$0.00 ,$31.20 ,$26.79 ,12/19/2021,202112,157
10-Sep,Goodwill Cibolo,ecote UO Boho Pleated High Rise Elastic Shorts M,B0497,$4.07 ,$4.41 ,10/17/2021,202110,,,,,,,,,310
10-Sep,Goodwill Cibolo,Joy Lab NWOT High Waist Ankle Legging Tropical S,B0498,$4.07 ,$4.41 ,10/17/2021,202110,,,,,,,,,310
10-Sep,Goodwill Cibolo,Nike Dri Fit High Waist Ankle Legging Tropical XS,B0499,$4.07 ,$4.41 ,10/17/2021,202110,,,,,,,,,310
3,Goodwill Cibolo,Philosophy Striped Plus Size Long Sleeve Sharkbite Hem Tunic Top XXL,B0500,$4.07 ,$4.41 ,7/15/2021,20217,,,,,,,,,404
10-Sep,Goodwill Cibolo,Earthbound Trading Co. Boho Hippie Jogger Pants S,B0501,$4.07 ,$4.41 ,10/18/2021,202110,,,,,,,,,309
WEARING,Goodwill Cibolo,Earthbound Trading Co. Boho Hippie Jogger Pants S,B0502,$4.07 ,$4.41 ,WEARING,,,,,,,,,,
WEARING,Goodwill Cibolo,Earthbound Trading Co. Boho Hippie Jogger Pants S,B0503,$4.07 ,$4.41 ,WEARING,,,,,,,,,,
4,Goodwill Cibolo,Tipsy Elves Ugly Sweater Too Lit to Quit L,B0504,$4.07 ,$4.41 ,7/12/2021,20217,Poshmark,$25.00 ,$5.00 ,$0.00 ,$20.00 ,$15.59 ,10/31/2021,202110,111
4,Goodwill Cibolo,Lucky Brand Heathered Sweater V-Neck SOFT XL,B0505,$4.07 ,$4.41 ,7/15/2021,20217,Poshmark,$18.00 ,$3.60 ,$0.00 ,$14.40 ,$9.99 ,10/17/2021,202110,94
WEARING,Thredup,Lululemon Athletica Stirrup Pant Legging 4,B0506,$26.92 ,$26.92 ,WEARING,,,,,,,,,,
WEARING,Thredup,Lululemon Athletica High Waist Black Leggings 4,B0507,$26.92 ,$26.91 ,WEARING,,,,,,,,,,
,Poshmark,Bershka ASOS High Waist Raw Hem Mom Jeans,B0508,$27.04 ,$27.04 ,4/15/2021,20214,Poshmark,$21.29 ,$4.26 ,$1.06 ,$15.96 ,($11.08),5/28/2021,20215,43
WEARING,Texas Thrift Store,AEO Black Jumpsuit Racerback S,B0509,$3.49 ,$3.78 ,WEARING,,,,,,,,,,
10-Sep,Texas Thrift Store,Ann Taylor LOFT Dark Wash Denim Shorts 4,B0510,$2.49 ,$2.70 ,10/18/2021,202110,,,,,,,,,309
WEARING,Texas Thrift Store,158 YFK High Waist Skinny Jean Black Acid Wash No Size,B0511,$3.99 ,$4.32 ,WEARING,,,,,,,,,,
WEARING,Texas Thrift Store,Indigo Rein Acid Wash Skinny Jeans S,B0512,$2.99 ,$3.24 ,WEARING,,,,,,,,,,
WEARING,Texas Thrift Store,Flying Monkey High Waist Skinny Jeans Cut-off Ankle 28,B0513,$4.99 ,$5.40 ,WEARING,,,,,,,,,,
10-Sep,Texas Thrift Store,Ann Taylor LOFT Curvy Straight Jeans 26/2 Petite Dark Wash,B0514,$4.99 ,$5.40 ,10/17/2021,202110,,,,,,,,,310
WEARING,Texas Thrift Store,Ann Taylor Petite the Boot Curvy Fit 2 Petite Dark Wash,B0515,$4.99 ,$5.40 ,WEARING,,,,,,,,,,
14,Texas Thrift Store,A'gaci Floral Long Sleeve Romper V-Neck M,B0516,$3.49 ,$3.78 ,10/18/2021,202110,,,,,,,,,309
WEARING,Texas Thrift Store,Vanilla Star Leopard Animal Print Harem Pants XS,B0517,$2.49 ,$2.70 ,WEARING,,,,,,,,,,
13,Texas Thrift Store,LOFT Outlet Lined Midi Dress Abstract Print Work Dress S,B0518,$6.98 ,$7.56 ,10/17/2021,202110,,,,,,,,,310
8,Texas Thrift Store,Columbia 100% Cotton Button Down Roll-tab Sleeve XS,B0519,$2.99 ,$3.24 ,10/17/2021,202110,,,,,,,,,310
WEARING,Texas Thrift Store,Crochet Knit Lace Tank Top Swim Cover up Festival No Size,B0520,$2.49 ,$2.70 ,WEARING,,,,,,,,,,
WEARING,Texas Thrift Store,Torrid White Button up Long Sleeve 0 Plus Size,B0521,$5.98 ,$6.47 ,WEARING,,,,,,,,,,
14,Texas Thrift Store,E&M White Lace Floral Embroidered Romper Sleeveless S,B0522,$3.49 ,$3.78 ,10/18/2021,202110,,,,,,,,,309
N/A,Texas Thrift Store,Dansko XP 20 Size 38 Shiny Black Patent Leather Clogs,B0523,$3.49 ,$3.78 ,10/17/2021,202110,Poshmark,$40.00 ,$8.00 ,$0.00 ,$32.00 ,$28.22 ,12/15/2021,202112,59
10-Sep,Texas Thrift Store,Zara Basic Straight Leg Medium Wash Jeans Size 38,B0524,$3.49 ,$3.78 ,10/17/2021,202110,,,,,,,,,310
10-Sep,Texas Thrift Store,Levi's 518 Straight Leg Jeans Size 5 Medium Wash,B0525,$3.49 ,$3.78 ,10/17/2021,202110,Poshmark,$22.00 ,$4.40 ,$2.46 ,$15.14 ,$11.36 ,11/18/2021,202111,32
10-Sep,Texas Thrift Store,Levi's Legging Jeans Size 3M W26 L30,B0526,$3.99 ,$4.32 ,10/17/2021,202110,,,,,,,,,310
10-Sep,Texas Thrift Store,PrAna Bermuda Shorts Knee Length Legging XS,B0527,$2.49 ,$2.70 ,10/17/2021,202110,,,,,,,,,310
10-Sep,Texas Thrift Store,Adidas Climalite Capri M,B0528,$6.46 ,$6.99 ,10/17/2021,202110,,,,,,,,,310
4,Texas Thrift Store,Paper Crane Graphic Camping Tank L,B0529,$1.49 ,$1.61 ,10/13/2021,202110,,,,,,,,,314
11,Texas Thrift Store,Bobbie Brooks Striped Multi-color Midi Dress NWOT S,B0530,$3.49 ,$3.78 ,10/14/2021,202110,,,,,,,,,313
4,Texas Thrift Store,Cabi Pink Floating Poppies Tie Back Tank Top #5218 M,B0531,$2.49 ,$2.70 ,10/12/2021,202110,,,,,,,,,315
4,Texas Thrift Store,Madewell White Tank Top Tiered Faux Layer L,B0532,$1.99 ,$2.15 ,10/14/2021,202110,,,,,,,,,313
4,Texas Thrift Store,HD in Paris Anthro Floral Lace Flores Blouse 0,B0533,$4.99 ,$5.40 ,10/12/2021,202110,,,,,,,,,315
4,Texas Thrift Store,Cabi Sprig Sleveless Blouse in Red Floal 5222 S,B0534,$2.49 ,$2.70 ,10/12/2021,202110,Poshmark,$20.00 ,$4.00 ,$0.00 ,$16.00 ,$13.30 ,11/3/2021,202111,22
4,Texas Thrift Store,Fig and Flower Anthro Boho Floral Blouse M,B0535,$3.99 ,$4.32 ,10/14/2021,202110,,,,,,,,,313
4,Texas Thrift Store,J. Crew Polka Dot Sleeveless Blouse Linen/Cotton Blend 14,B0536,$1.99 ,$2.15 ,10/12/2021,202110,,,,,,,,,315
5,Texas Thrift Store,American Rag Semi Sheer Poncho Style Blouse Plus Size 3X,B0537,$2.99 ,$3.24 ,10/14/2021,202110,,,,,,,,,313
3,Texas Thrift Store,Perch by Blu Pepper Boho Cream Sheer Crochet Blouse Plus Size 1X,B0538,$3.99 ,$4.32 ,10/14/2021,202110,,,,,,,,,313
5,Texas Thrift Store,Patrons of Peach Boho Cropped Blouse M,B0539,$2.49 ,$2.70 ,10/15/2021,202110,,,,,,,,,312
3,Texas Thrift Store,The Limited Floral Blouse Plus Size 2X,B0540,$2.99 ,$3.24 ,10/15/2021,202110,,,,,,,,,312
,Texas Thrift Store,Umgee Button Down Plaid Lace Blouse L,B0541,$5.98 ,$6.47 ,10/12/2021,202110,Poshmark,$22.00 ,$4.40 ,$0.00 ,$17.60 ,$11.13 ,10/17/2021,202110,5
3,Texas Thrift Store,Skies are Blue Paisley Color Block 3/4 Roll-tab Sleeve Blouse M,B0542,$2.99 ,$3.24 ,10/15/2021,202110,,,,,,,,,312
11,Texas Thrift Store,Francesca's Miami NWT Mermaid Dress L,B0543,$8.46 ,$9.15 ,10/15/2021,202110,Poshmark,$34.00 ,$6.80 ,$0.00 ,$27.20 ,$18.05 ,10/31/2021,202110,16
5,Texas Thrift Store,AEO Floral Boho Blouse XL,B0544,$2.49 ,$2.70 ,10/15/2021,202110,,,,,,,,,312
8,Texas Thrift Store,41 Hawthorn Wrap Top Sleeveless Plus Size 1X,B0545,$2.99 ,$3.24 ,10/17/2021,202110,,,,,,,,,310
3,Texas Thrift Store,Lumiere Rust Orange Blouse M,B0546,$2.99 ,$3.24 ,10/15/2021,202110,Poshmark,$24.75 ,$4.95 ,$1.86 ,$17.94 ,$14.70 ,12/10/2021,202112,56
8,Texas Thrift Store,The Limited Racer Back Color Block Stripe Tank M,B0547,$1.99 ,$2.15 ,10/17/2021,202110,,,,,,,,,310
8,Texas Thrift Store,Madewell Striped Button Down Tank L,B0548,$2.99 ,$3.24 ,10/17/2021,202110,,,,,,,,,310
13,Texas Thrift Store,Peach Love Cream NWT Boho Maxi Sleeveless S,B0549,$4.99 ,$5.40 ,10/18/2021,202110,,,,,,,,,309
8,Texas Thrift Store,Violoet + Claire Floral Blouse Long Sleeve L,B0550,$2.49 ,$2.70 ,10/17/2021,202110,,,,,,,,,310
8,Texas Thrift Store,Under Skies Embroidered Boho Tank M,B0551,$2.49 ,$2.70 ,10/17/2021,202110,,,,,,,,,310
8,Texas Thrift Store,Bella Llama Graphic Racerback Tank L,B0552,$0.99 ,$1.07 ,10/17/2021,202110,,,,,,,,,310
8,Texas Thrift Store,AEO Boho Blouse Semi Sheer 3/4 Sleeve L,B0553,$2.49 ,$2.70 ,10/17/2021,202110,,,,,,,,,310
8,Texas Thrift Store,Loveriche Pocket Shirt Dress Short Sleeve M,B0554,$2.99 ,$3.24 ,10/17/2021,202110,Poshmark,$19.00 ,$3.80 ,$0.00 ,$15.20 ,$11.96 ,12/22/2021,202112,66
8,Texas Thrift Store,Miss Me Floral Embroidered Blush Tank S,B0555,$1.99 ,$2.15 ,10/17/2021,202110,,,,,,,,,310
8,Texas Thrift Store,California Moon Rise Distressed Destroyed Tiered Blouse Short Sleeve XL,B0556,$2.49 ,$2.70 ,10/17/2021,202110,,,,,,,,,310
8,Texas Thrift Store,Eden & Oliva Flannel Plaid 1/2 Button Down Plus Size 1X,B0557,$2.49 ,$2.70 ,10/17/2021,202110,Poshmark,$20.00 ,$4.00 ,$0.00 ,$16.00 ,$13.30 ,11/19/2021,202111,33
8,Texas Thrift Store,Express Paisley Tank S,B0558,$2.49 ,$2.70 ,10/18/2021,202110,,,,,,,,,309
8,Texas Thrift Store,Express Tie Dye High Low Tunic Tank S,B0559,$2.49 ,$2.70 ,10/18/2021,202110,,,,,,,,,309
8,Texas Thrift Store,Cabi Side Out Tank 5394 Striped Tunic Tank S,B0560,$2.49 ,$2.70 ,10/20/2021,202110,,,,,,,,,307
8,Texas Thrift Store,Marc by Marc Jacobs Silk Blend Tank Blouse Top Pleated Polka Dot 0,B0561,$2.99 ,$3.24 ,10/18/2021,202110,,,,,,,,,309
Defective,Texas Thrift Store,American Rag Beaded Boho Tank S,B0562,$1.99 ,$2.15 ,Defective,,Defective,$0.00 ,$0.00 ,$0.00 ,$0.00 ,($2.15),9/19/2021,20219,
8,Texas Thrift Store,Umgee Knit Sweater Crochet Lace 3/4 Sleeve Plus Size 1X,B0563,$1.99 ,$2.15 ,10/18/2021,202110,,,,,,,,,309
8,Texas Thrift Store,Papaya Embroidered Floral Abstract Tank M,B0564,$1.49 ,$1.61 ,10/18/2021,202110,,,,,,,,,309
8,Texas Thrift Store,LOFT Ann Taylor Floral Ruffle Cap Sleeve Blouse Top S,B0565,$3.99 ,$4.32 ,10/18/2021,202110,Poshmark,$20.00 ,$4.00 ,$0.00 ,$16.00 ,$11.68 ,11/3/2021,202111,16
8,Texas Thrift Store,BCBGeneration Floral Bell Long Sleeve Boho Hippie Gypsy Blouse Top S,B0566,$2.99 ,$3.24 ,10/18/2021,202110,,,,,,,,,309
8,Texas Thrift Store,Lucky Brand White Tank Semi-Sheer Back M,B0567,$1.45 ,$1.57 ,10/18/2021,202110,,,,,,,,,309
8,Texas Thrift Store,Torrid Button Down Pineapple Hawaiian Beach Shirt 2 Plus Size,B0568,$2.49 ,$2.70 ,10/18/2021,202110,,,,,,,,,309
8,Texas Thrift Store,Torrid Bow Print Black Blouse Top Short Sleeve 2 Plus Size,B0569,$2.99 ,$3.24 ,10/18/2021,202110,,,,,,,,,309
8,Texas Thrift Store,Eyeshadow Boho Crop Top Crochet Lace Plus Size 1X,B0570,$2.49 ,$2.70 ,10/18/2021,202110,,,,,,,,,309
8,Texas Thrift Store,J. Jill Linen White Blouse Crew Neck Sleeveless Tank L,B0571,$2.49 ,$2.70 ,10/18/2021,202110,,,,,,,,,309
8,Texas Thrift Store,Charming Charlie NWT Sleeveless Black/Cream Blouse XL,B0572,$3.49 ,$3.78 ,10/18/2021,202110,,,,,,,,,309
8,Texas Thrift Store,Express NWT Black Lace Peplum Sleeveless Blouse Top Tank M,B0573,$4.99 ,$5.40 ,10/18/2021,202110,,,,,,,,,309
8,Texas Thrift Store,Torrid Red 3/4 Sleeve Button Down Red Blouse Plus Size 2,B0574,$3.49 ,$3.78 ,10/20/2021,202110,,,,,,,,,307
8,Texas Thrift Store,Finn & Grace Boho Floral Pillowcase Blouse M,B0575,$1.99 ,$2.15 ,10/18/2021,202110,,,,,,,,,309
12,Texas Thrift Store,Skies Are Blue Stitch Fix Embroidered Tunic Dress S,B0576,$2.49 ,$2.70 ,10/20/2021,202110,,,,,,,,,307
8,Texas Thrift Store,Philosophy Black Lace Blouse Plus Size 2XL XXL,B0577,$2.49 ,$2.70 ,10/18/2021,202110,,,,,,,,,309
8,Texas Thrift Store,Skies Are Blue Stitch Fix Embroidered V-Neck Tank Top L,B0578,$1.49 ,$1.61 ,10/18/2021,202110,,,,,,,,,309
8,Texas Thrift Store,Livi Active Red Black Long Sleeve Top Plus Size 18/20,B0579,$3.49 ,$3.78 ,10/18/2021,202110,,,,,,,,,309
14,Texas Thrift Store,BCBGMaxAzria Pin Stripe Romper 3/4 Sleeve S,B0580,$3.99 ,$4.32 ,10/18/2021,202110,,,,,,,,,309
8,Texas Thrift Store,Boutique Animal Print Stripe Long Sleeve Knit Sweater Blouse Plus Size 2XL,B0581,$2.99 ,$3.24 ,10/18/2021,202110,,,,,,,,,309
Defective,Texas Thrift Store,AEO Boho Floral Tank Ruffle V-Neck Button Down L,B0582,$2.49 ,$2.70 ,Defective,,Defective,$0.00 ,$0.00 ,$0.00 ,$0.00 ,($2.70),10/15/2021,202110,
8,Texas Thrift Store,Sam & Lavi Tie Die Raw Hem Sleeveless Tank Top M,B0583,$1.99 ,$2.15 ,10/18/2021,202110,Poshmark,$19.00 ,$3.80 ,$0.00 ,$15.20 ,$13.05 ,12/22/2021,202112,65
13,Texas Thrift Store,Lucky Brand Strapless Maxi Dress Boho Hippie Gypsy Paisley M,B0584,$3.99 ,$3.30 ,10/18/2021,202110,,,,,,,,,309
13,Texas Thrift Store,AEO Patchwork Boho Floral Bell Sleeve Long Sleeve Hippie Gypsy Dress M,B0585,$0.00 ,$0.00 ,10/18/2021,202110,,,,,,,,,309
8,Texas Thrift Store,Torrid Striped V Neck T Shirt Plus Size 00,B0586,$0.00 ,$0.00 ,10/18/2021,202110,,,,,,,,,309
,Texas Thrift Store,Skipped SKU,B0587,$0.00 ,$0.00 ,12/31/2021,202112,None,$0.00 ,$0.00 ,$0.00 ,$0.00 ,$0.00 ,12/31/2021,202112,0
,Texas Thrift Store,Skipped SKU,B0588,$0.00 ,$0.00 ,12/31/2021,202112,None,$0.00 ,$0.00 ,$0.00 ,$0.00 ,$0.00 ,12/31/2021,202112,0
Hanging,Garage Sale,Dooney and Burke Purse,B0589,$20.00 ,$20.00 ,10/17/2021,202110,FAKE,$0.00 ,$0.00 ,$0.00 ,($20.00),($20.00),11/2/2021,202111,16
14,Garage Sale,Michael Kors Wallet,B0590,$10.00 ,$10.00 ,10/17/2021,202110,Poshmark,$50.00 ,$10.00 ,$0.00 ,$40.00 ,$30.00 ,11/12/2021,202111,26
,Garage Sale,LOFT Ann Taylor Pattern Blouse 3/4 Sleeve Crew Neck XL,B0591,$1.33 ,$1.33 ,10/18/2021,202110,Poshmark,$18.00 ,$3.60 ,$0.00 ,$14.40 ,$13.07 ,11/1/2021,202111,14
8,Garage Sale,J. Jill Dolman Batwing Sleeve Blouse Cowl Neck Heathered Purple 3/4 Sleeves L,B0592,$1.33 ,$1.33 ,10/18/2021,202110,,,,,,,,,309
8,Garage Sale,Lucky Brand Floral Blouse L,B0593,$1.34 ,$1.34 ,10/18/2021,202110,Poshmark,$10.00 ,$2.95 ,$0.00 ,$7.05 ,$5.71 ,12/11/2021,202112,54
14,Goodwill Columbia MO,Band of Gypsies B.O.G. Collective Houndstooth Jumpsuit S,B0594,$7.00 ,$7.00 ,10/18/2021,,,,,,,,,,
13,Goodwill Columbia MO,Altar'd State Chambray mini shift dress ruffle top faux sleeveless pockets S,B0595,$1.25 ,$1.25 ,10/18/2021,202110,,,,,,,,,309
13,Goodwill Columbia MO,Lulu's Bodycon twist mini dress black XS,B0596,$0.00 ,$0.00 ,10/18/2021,202110,,,,,,,,,309
14,Goodwill Columbia MO,Urban Outfitters UO Gold Metallic Romper L,B0597,$7.00 ,$7.00 ,10/18/2021,202110,,,,,,,,,309
14,Goodwill Columbia MO,AEO Boho Hippie Gypsy Bell Sleeve Long Sleeve Romper S,B0598,$5.00 ,$5.00 ,10/18/2021,202110,,,,,,,,,309
,Goodwill Columbia MO,Philosophy Floral Lace Embroidered Long Sleeve Dress S Petite,B0599,$5.00 ,$5.00 ,Wearing,,,,,,,,,,
13,Goodwill Columbia MO,Postage Stamp Anthro Sleeveless Colorblock Shirt Dress 10,B0600,$5.00 ,$5.00 ,10/18/2021,202110,,,,,,,,,309
14,Goodwill Columbia MO,Altar'd State Boho Hippie Gypsy Printed Long Bell Sleeve Romper L,B0601,$5.00 ,$5.00 ,10/18/2021,202110,Poshmark,$24.75 ,$4.95 ,$1.86 ,$17.94 ,$12.94 ,12/10/2021,202112,53
14,Goodwill Columbia MO,Urban Outfitters UO Moonstruck Surplice Mustard Floral Romper Boho Hippie Gypsy M,B0602,$5.00 ,$5.00 ,10/15/2021,202110,,,,,,,,,312
14,Goodwill Columbia MO,Johnny Was Floral Tiered Maxi Silk Skirt Boho S,B0603,$4.00 ,$4.00 ,10/18/2021,202110,Poshmark,$75.00 ,$15.00 ,$0.00 ,$60.00 ,$56.00 ,10/19/2021,202110,1
13,Goodwill Columbia MO,TopShop Black Open Back Zipper Accent Black Mini Dress 4,B0604,$5.00 ,$5.00 ,10/18/2021,202110,,,,,,,,,309
14,Goodwill Columbia MO,Lulu's Milos Deep V Plunge Black Romper Halter Open Back M,B0605,$5.00 ,$5.00 ,10/18/2021,202110,,,,,,,,,309
14,Goodwill Columbia MO,AEO Boho Hippie Romper S,B0606,$5.00 ,$5.00 ,10/18/2021,202110,,,,,,,,,309
14,Goodwill Columbia MO,asos animal print maxi bodycon short sleeve 4,B0607,$5.00 ,$5.00 ,10/18/2021,202110,,,,,,,,,309
14,Goodwill Columbia MO,Lulu's strapless royal blue mini dress XS/S,B0608,$5.00 ,$5.00 ,10/18/2021,202110,,,,,,,,,309
14,Goodwill Columbia MO,Show Me Your Mumu Maroon Lace Tunic Dress XS,B0609,$5.00 ,$5.00 ,10/18/2021,202110,,,,,,,,,309
N/A,Goodwill Columbia MO,Chelsea & Violet Calf Hair Animal Print Loafers 6.5M,B0610,$8.00 ,$8.00 ,10/17/2021,202110,,,,,,,,,310
,Clothes Mentor Selma,Madewell High Riser Skinny Jeans 26,B0611,$23.00 ,$24.90 ,WEARING,,,,,,,,,,
,Clothes Mentor Selma,AEO Super Stretch X Jegging Jeans Skinny High Waist Medium Wash 6,B0612,$14.00 ,$15.16 ,WEARING,,,,,,,,,,
,Clothes Mentor Selma,Joe's Jeans Dark Wash Skinny High Waist 27,B0613,$23.00 ,$24.90 ,WEARING,,,,,,,,,,
,Goodwill Cibolo,Black Faux Leather Backpack Purse,B0614,$6.37 ,$6.90 ,WEARING,,,,,,,,,,
N/A,Goodwill Cibolo,Brooks Women's Running Shoe Launch 5 9.5,B0615,$12.74 ,$13.79 ,10/17/2021,202110,,,,,,,,,310
N/A,Goodwill Cibolo,Brooks Women's Running Shoe Revel 3,B0616,$12.74 ,$13.79 ,10/17/2021,202110,Poshmark,$53.00 ,$10.60 ,$0.00 ,$42.40 ,$28.61 ,12/8/2021,202112,52
N/A,Goodwill Cibolo,Lucky Brand Laretah Block Heel Bootie Peep Toe 9,B0617,$8.92 ,$9.66 ,10/17/2021,202110,,,,,,,,,310
Hanging,Goodwill Cibolo,ModCloth Retro Pinup Fit n Flare Mini Black Dress Sleeveless Pleated L,B0618,$7.22 ,$7.82 ,10/18/2021,202110,Poshmark,$24.75 ,$4.95 ,$1.86 ,$17.94 ,$10.12 ,12/10/2021,202112,53
10-Sep,Goodwill Cibolo,Umbro Sweat Pants S,B0619,$4.50 ,$4.87 ,10/17/2021,202110,,,,,,,,,310
,Goodwill Cibolo,Nike Dri Fit Crop Legging Running Pant Black S,B0620,$4.50 ,$4.87 ,Wearing,,,,,,,,,,
,Goodwill Cibolo,AEO Super Super Stretch Denim Short Raw Hem 2,B0621,$2.65 ,$2.87 ,WEARING,,,,,,,,,,
14,Goodwill Cibolo,Earthbound Trading Co. Boho Hippie Long Sleeve Tie Dye Romper M,B0622,$4.25 ,$4.60 ,10/18/2021,202110,,,,,,,,,309
14,Goodwill Cibolo,Madewell Button-Front Cami Dress in Island Magnolias S,B0623,$4.25 ,$4.60 ,10/15/2021,202110,,,,,,,,,312
N/A,Garage Sale,Birkenstock Arizona Sandal Kids 34 Tan,B0624,$5.00 ,$5.00 ,10/17/2021,,Poshmark,$31.00 ,$6.20 ,$2.46 ,$22.34 ,$17.34 ,10/29/2021,,
N/A,Closet,FAB SKIN LAB RETINOL SERUM 0.25% PURE CONCENTRATE,B0625,$0.00 ,$0.00 ,10/17/2021,202110,,,,,,,,,310
Hanging,Goodwill Blanco North,AEO Tropical Rain Jacket XS,B0626,$4.50 ,$4.87 ,10/20/2021,202110,,,,,,,,,307
10,Goodwill Blanco North,Fabletics Powerhold Floral 7/8 Leggings Purple Blue Pink S,B0627,$4.50 ,$4.87 ,10/20/2021,202110,,,,,,,,,307
8,Goodwill Blanco North,Easel Embroidered Boho Flowy Blouse M,B0628,$2.65 ,$2.87 ,10/20/2021,202110,,,,,,,,,307
,Goodwill Blanco North,MPG Running Shorts Dark Green XS,B0629,$4.50 ,$4.87 ,Wearing,,,,,,,,,,
8,Goodwill Blanco North,Alice + Olivia Classic Black Blouse Rhinestone Embellished Sleeve Wrist M,B0630,$4.50 ,$4.87 ,10/20/2021,202110,,,,,,,,,307
10,Goodwill Blanco North,AEO Bermuda Cut Off Shorts Kick Boot Size 2,B0631,$2.65 ,$2.87 ,10/20/2021,202110,,,,,,,,,307
,Texas Thrift Store,Zara Black Button Down Blouse XS,B0632,$9.98 ,$10.80 ,Wearing,,,,,,,,,,
8,Texas Thrift Store,Sanctuary Boho Aztec Blouse Tank Top M,B0633,$3.98 ,$4.33 ,10/20/2021,202110,,,,,,,,,307
8,Texas Thrift Store,MinkPink Boho Hippie Azetez Floral Tunic XS,B0634,$5.59 ,$6.05 ,10/20/2021,202110,,,,,,,,,307
8,Texas Thrift Store,Umgee Maroon Knit Sweater Lace Trim S,B0635,$3.49 ,$3.77 ,10/20/2021,202110,,,,,,,,,307
,Texas Thrift Store,Umgee Floral Tunic Top Boho L,B0636,$5.59 ,$6.05 ,Repairing,,,,,,,,,,
,Texas Thrift Store,Shein Knit Cardigan Floral Color Block Sleeves S,B0637,$3.99 ,$4.32 ,Wearing,,,,,,,,,,
8,Texas Thrift Store,Lumiere Black White Abstract Stripe Sweater Crop S,B0638,$2.99 ,$3.24 ,10/20/2021,202110,,,,,,,,,307
8,Texas Thrift Store,Entro Waffle Knit Blouse V-Neck Embroidered Floral M,B0639,$2.99 ,$3.24 ,10/20/2021,202110,,,,,,,,,307
8,Texas Thrift Store,We The Free People Natasha Ruffle Top Ruched Long Sleeves M,B0640,$3.49 ,$3.78 ,10/20/2021,202110,,,,,,,,,307
8,Texas Thrift Store,AEO Floral Sleeveless Blouse Tank Top M,B0641,$1.99 ,$2.15 ,10/20/2021,202110,,,,,,,,,307
8,Texas Thrift Store,AEO Knit Metallic Cream Tank Boho S,B0642,$4.98 ,$5.39 ,10/20/2021,202110,,,,,,,,,307
8,Texas Thrift Store,The Limited Abstract Print Blouse L,B0643,$4.98 ,$5.39 ,10/20/2021,202110,,,,,,,,,307
7,Texas Thrift Store,Madewell Cropped Balloon Sleeve Top Charcoal Grey XS,B0644,$7.98 ,$8.64 ,10/27/2021,202110,,,,,,,,,300
,Texas Thrift Store,Cabi The Flirt Ruffled Cardigan Sweater 3/4 Sleeve #276 S,B0645,$4.98 ,$5.39 ,Wearing,,,,,,,,,,
,Texas Thrift Store,Altar'd State Waffle Knit Long Sleeve Tie Crop Button Down Top S,B0646,$4.98 ,$5.39 ,Wearing,,,,,,,,,,
8,Texas Thrift Store,HOUNT Good Vibes Graphic Boho Rainbow Tank L,B0647,$3.98 ,$4.31 ,10/20/2021,202110,,,,,,,,,307
Wearing,Goodwill Austin Hwy,AEO High Waist 7/8 Grey Legging S,B0648,$4.50 ,$4.87 ,Wearing,,,,,,,,,,
Wearing,Goodwill Austin Hwy,AEO Velvet Purple Dress V Neck Short Sleeve Mini Wrap XS,B0649,$7.22 ,$7.82 ,Wearing,,,,,,,,,,
Wearing,Goodwill Austin Hwy,Zara Knit Striped Turtleneck Sweater L,B0650,$4.50 ,$4.87 ,Wearing,,,,,,,,,,
,Goodwill Austin Hwy,Brown tassel festival boho hippie crossbody purse,B0651,$5.52 ,$5.98 ,,,,,,,,,,,
,Goodwill Austin Hwy,Joie Womens Canvas Vivienne Tan Beige Fringed Espadrilles Flats 36 / 6,B0652,$5.25 ,$5.68 ,,,,,,,,,,,
,Goodwill Austin Hwy,Zara Basic Black Tunic Long Sleeve Button Down Roll Tab Cinched Waist L,B0653,$4.50 ,$4.87 ,,,,,,,,,,,
7,Goodwill Austin Hwy,AEO Waffle Knit Long Sleeve Oversized Top Crew Neck High Low Hem Fall Yellow/Gold M,B0654,$4.50 ,$4.87 ,10/27/2021,202110,Poshmark,$25.00 ,$5.00 ,$2.46 ,$17.54 ,$12.67 ,10/29/2021,202110,2
11,Goodwill Austin Hwy,Altar'd State Lace Off Shoulder Bell Sleeve Boho Light Blush Dress S,B0655,$7.22 ,$7.82 ,10/27/2021,202110,,,,,,,,,300
7,Goodwill Austin Hwy,Melloday Floral Boho Ruffle Long Sleeve Blouse M,B0656,$4.50 ,$4.87 ,10/27/2021,202110,,,,,,,,,300
7,Goodwill Austin Hwy,Lucky Brand Ribbed Black Semi Sheer Long Sleeve Turtleneck Knit Sweater L,B0657,$2.80 ,$3.03 ,10/27/2021,202110,,,,,,,,,300
7,Goodwill Austin Hwy,AEO Soft & Sexy Tie Dye Long Sleeve Top M,B0658,$2.65 ,$2.87 ,10/27/2021,202110,,,,,,,,,300
,Goodwill Austin Hwy,The North Face Teal Logo Hoodie XL,B0659,$4.50 ,$4.87 ,Repairing,,,,,,,,,,
7,Goodwill Austin Hwy,Cupcakes & Cashmere Anthro Boho Floral Sleeveless Blouse S,B0660,$4.50 ,$4.87 ,10/27/2021,202110,Poshmark,$20.00 ,$4.00 ,$0.00 ,$16.00 ,$11.13 ,11/3/2021,202111,7
7,Goodwill Austin Hwy,Pins and Needles Urban Outfitters Cut out Floral Embroidered semi sheer light blush blouse S,B0661,$4.50 ,$4.87 ,10/27/2021,202110,,,,,,,,,300
14,Goodwill Austin Hwy,AEO Long Sleeve Boho Ruffle Deep V Neck Romper S,B0662,$7.22 ,$7.82 ,10/27/2021,202110,,,,,,,,,300
11,Goodwill Austin Hwy,Altar'd State Paisley Long Sleeve Shift Dress L,B0663,$7.22 ,$7.82 ,10/27/2021,202110,,,,,,,,,300
7,Goodwill Austin Hwy,Anthro Maeve Dottie Ruffled Polka Dot Tank 4,B0664,$4.50 ,$4.87 ,10/27/2021,202110,,,,,,,,,300
,Goodwill Austin Hwy,Torrid Sage Green Roll tab sleeve V Neck Blouse Plus Sized,B0665,$2.65 ,$2.87 ,,,,,,,,,,,
,Goodwill Austin Hwy,Asos Red Tiered High/Low Flowy Midi Dress 4,B0666,$7.22 ,$7.82 ,,,,,,,,,,,
11,Goodwill Austin Hwy,Anthro Hazel Bodycon Lace Scoop Neck Midi Dress S,B0667,$4.25 ,$4.60 ,10/27/2021,202110,,,,,,,,,300
11,Goodwill Austin Hwy,Anthro Hazel Maxi Embroidered Lace Pleated Skirt Boho Sleeveless Dress S,B0668,$7.22 ,$7.82 ,10/27/2021,202110,,,,,,,,,300
11,Goodwill Austin Hwy,Miami Francesca's Collections Midi Long Sleeve Bodycon V-neck Dress S,B0669,$7.22 ,$7.82 ,10/27/2021,202110,,,,,,,,,300
,Goodwill Austin Hwy,Tahari 100% Linen Dress Sleeveless Pockets Scalloped V-neck Tie 4,B0670,$4.25 ,$4.60 ,,,,,,,,,,,
11,Goodwill Austin Hwy,Tahari Lace Shift T Shirt Dress Cut Out M,B0671,$4.25 ,$4.60 ,10/27/2021,202110,,,,,,,,,300
,Goodwill Austin Hwy,Show Me Your Mumu NWT Caitlin Ruffle Maxi Dress M,B0672,$7.22 ,$7.82 ,,,,,,,,,,,
,Goodwill Austin Hwy,Madewell High Riser Skinny Jeans 28,B0673,$7.22 ,$7.82 ,,,,,,,,,,,
,Goodwill Austin Hwy,Anthropologie The Wanderer Utility Khaki Shorts 26,B0674,$4.25 ,$4.60 ,,,,,,,,,,,
,Goodwill Austin Hwy,Anthro Pilcro and the Letterpress Slim Boyfriend Denim Embroidered Floral Shorts 29,B0675,$4.50 ,$4.87 ,,,,,,,,,,,
,Goodwill Austin Hwy,Anthro Saturday Sunday Almeria Hooded Cowl Knit Sweater S,B0676,$4.50 ,$4.88 ,,,,,,,,,,,
,Goodwill Bins N ATX,Black Faux Leather Asymatrical Clutch Purse,B0677,$0.99 ,$1.08 ,,,,,,,,,,,
,Goodwill Bins N ATX,AEO Distressed cut-off Denim Shorts 2,B0678,$0.99 ,$1.08 ,,,,,,,,,,,
,Goodwill Bins N ATX,Universal Thread High Rise Shortie Denim cut-off Button Fly 6/28R,B0679,$0.99 ,$1.08 ,,,,,,,,,,,
5,Goodwill Bins N ATX,Francesca's Collections Alya Embroidered Floral Blouse L,B0680,$0.99 ,$1.08 ,12/20/2021,202112,,,,,,,,,246
12,Goodwill Bins N ATX,Francesca's Collections Miami Shift Dress Long Sleeve Paisley Boho V-Neck L,B0681,$0.99 ,$1.08 ,12/20/2021,202112,,,,,,,,,246
13,Goodwill Bins N ATX,RYU Boho Crochet Lace Floral Hippie Gypsy Shift Dress M,B0682,$0.99 ,$1.08 ,11/12/2021,202111,,,,,,,,,284
,Goodwill Bins N ATX,PacSun Mom Jean High Raise Destroyed Denim Button Fly 25,B0683,$0.99 ,$1.08 ,,,,,,,,,,,
,Goodwill Bins N ATX,Free People Lace Sugar Magnolia White Mini Skirt S,B0684,$0.99 ,$1.08 ,,,,,,,,,,,
,Goodwill Bins N ATX,GB Floral Ruffle Palazzo Pants Boho Gypsy Festival Beachwear L,B0685,$0.99 ,$1.08 ,,,,,,,,,,,
,Goodwill Bins N ATX,Nike Dri Fit Pink Running Shorts S,B0686,$0.99 ,$1.08 ,Washing,,,,,,,,,,
,Goodwill Bins N ATX,Under Armour Heat Gear Compression Capri Pink Breast Cancer L,B0687,$0.99 ,$1.08 ,Washing,,,,,,,,,,
13,Goodwill Bins N ATX, Anthtro A'reve NWT Boho Lace Long Sleeve Dress Fall Gold M,B0688,$0.99 ,$1.08 ,11/12/2021,202111,,,,,,,,,284
,Goodwill South Lamar ATX,Wooden Wine Box,B0689,$2.99 ,$3.24 ,Defective,,Defective,$0.00 ,$0.00 ,$0.00 ,($2.99),($3.24),11/1/2021,202111,
,Goodwill South Lamar ATX,Wooden Wine Box,B0690,$2.99 ,$3.24 ,Defective,,Defective,$0.00 ,$0.00 ,$0.00 ,($2.99),($3.24),11/1/2021,202111,
,Goodwill South Lamar ATX,Ann Taylor LOFT Black and Pink Stripe Wrap Dress,B0691,$14.99 ,$16.23 ,Wearing,,,,,,,,,,
14,Goodwill South Lamar ATX,Zara Basic Floral Black Jumpsuit Tie Belt Deep V-Neck Open Back XS,B0692,$14.99 ,$16.23 ,11/12/2021,202111,,,,,,,,,284
13,Goodwill South Lamar ATX,Maeve Anthro Vero Silk Shift Kimono Dress 100% Silk S,B0693,$16.99 ,$18.39 ,11/12/2021,202111,,,,,,,,,284
13,Goodwill South Lamar ATX,Show Me Your MuMu Ibiza Fiesta Stripe Dress XS,B0694,$12.99 ,$14.06 ,11/12/2021,202111,,,,,,,,,284
13,Goodwill South Lamar ATX,Free People Blue Knit Embroidered Sweater Swing Dress Tunic Bell Sleeve Cold Shoulder S,B0695,$11.99 ,$12.98 ,11/12/2021,202111,,,,,,,,,284
13,Goodwill South Lamar ATX,Alice + Olivia Red Crew Neck Form Fitting Mini Dress Long Sleeve Red 2,B0696,$16.99 ,$18.39 ,11/12/2021,202111,,,,,,,,,284
,Goodwill South Lamar ATX,Citizens of Humanity COH Emannuelle Slim Boot 26,B0697,$17.99 ,$19.47 ,,,,,,,,,,,
13,Goodwill South Lamar ATX,Lilly Pulitzer Sloane Midi Dress Exotic Garden XXS,B0698,$16.99 ,$18.39 ,11/12/2021,202111,,,,,,,,,284
4,Goodwill South Lamar ATX,Madewell Boxy Button-Back Top in Gingham Check XS,B0699,$9.99 ,$10.81 ,11/12/2021,202111,Poshmark,$29.00 ,$5.80 ,$0.00 ,$23.20 ,$12.39 ,11/19/2021,202111,7
,Goodwill South Lamar ATX,Lululemon Pack It Up Jacket Smoky Blush 12,B0700,$24.99 ,$27.05 ,,,,,,,,,,,
13,Goodwill South Lamar ATX,Anthro Maeve Pakpao Maxi Floral Dress 0,B0701,$24.99 ,$27.05 ,11/12/2021,202111,,,,,,,,,284
4,Goodwill South Lamar ATX,ASTR The Label Ruffle Embroidered Deep V Neck Elastic Waist Blouse S,B0702,$9.99 ,$10.81 ,11/12/2021,202111,Poshmark,$25.00 ,$5.00 ,$0.00 ,$20.00 ,$9.19 ,12/27/2021,202112,45
4,Goodwill South Lamar ATX,Vince Chunky Knit Boucle Long-Sleeve Sweater S,B0703,$9.99 ,$10.81 ,11/12/2021,202111,,,,,,,,,284
4,Goodwill South Lamar ATX,Anthro Deletta Sirpo Red Bell Sleeve Faux Wrap V-Neck Burnout Blouse S,B0704,$9.99 ,$10.81 ,11/12/2021,202111,,,,,,,,,284
,Goodwill South Lamar ATX,Maeve Anthro Eva Wrap Maroon Blouse 8,B0705,$11.99 ,$12.98 ,,,,,,,,,,,
4,Goodwill South Lamar ATX,Anthro Deletta White Lace Panel Top Blouse S,B0706,$7.99 ,$8.65 ,11/12/2021,202111,,,,,,,,,284
,Goodwill South Lamar ATX,Cloth & Stone Summersong Chambray Sleeveless Top XS,B0707,$4.99 ,$5.40 ,,,,,,,,,,,
4,Goodwill South Lamar ATX,Anthro Tiny NWT Gardenia Lace Front Top White S,B0708,$14.99 ,$16.23 ,11/12/2021,202111,,,,,,,,,284
,Goodwill South Lamar ATX,Anthropologie Weekend Bicycle T-Shirt S,B0709,$9.99 ,$10.81 ,,,,,,,,,,,
,Goodwill South Lamar ATX,Madewell Scatter Block Tassel Shift Dress NWT S,B0710,$16.99 ,$18.39 ,,,,,,,,,,,
13,Goodwill South Lamar ATX,Show Me Your MuMu Em Olive Green & Cream Swing Dress Medallion S,B0711,$12.99 ,$14.06 ,11/12/2021,202111,,,,,,,,,284
,Goodwill South Lamar ATX,Faithfull the Brand Supreme Orange Bermuda Dress Wrap S,B0712,$14.99 ,$16.23 ,,,,,,,,,,,
13,Goodwill South Lamar ATX,Madewell Pleated Floral Mini Dress Sleeveless 4,B0713,$14.99 ,$16.23 ,11/12/2021,202111,,,,,,,,,284
,Goodwill South Lamar ATX,Anthro Uncle Frank Southwestern Aztec Dress XS,B0714,$12.99 ,$14.04 ,11/12/2021,202111,,,,,,,,,284
,Clothes Mentor Selma,Brown belt,B0715,$6.00 ,$6.50 ,Wearing,,,,,,,,,,
,Clothes Mentor Selma,Brown belt,B0716,$6.00 ,$6.50 ,Wearing,,,,,,,,,,
,Clothes Mentor Selma,Cynthia Rowely Black Bell Sleeve Morino Wool Sweater ,B0717,$14.00 ,$15.16 ,Wearing,,,,,,,,,,
,Clothes Mentor Selma,Reebok Long Sleeve Running Shirt Grey,B0718,$14.00 ,$15.16 ,Wearing,,,,,,,,,,
,Clothes Mentor Selma,Blue Athletic Quarter Zip Pullover,B0719,$13.00 ,$14.07 ,Wearing,,,,,,,,,,
,Clothes Mentor Selma,Old Navy Purple Athletic Quarter Zip Pullover,B0720,$10.00 ,$10.83 ,Wearing,,,,,,,,,,
5,Clothes Mentor Selma,Entro Boho Tunic Topic Lace Crochet 3/4 Sleeves S,B0721,$5.50 ,$5.95 ,12/19/2021,202112,,,,,,,,,247
,Clothes Mentor Selma,ModCloth White Sleeveless Blouse Tank XXS,B0722,$4.50 ,$4.87 ,,,,,,,,,,,
,Clothes Mentor Selma,Dip Black Tank XS,B0723,$2.00 ,$2.17 ,Wearing,,,,,,,,,,
5,Clothes Mentor Selma,Violet + Claire Floral Boho Bell Sleeve Top L,B0724,$4.50 ,$4.87 ,12/19/2021,202112,,,,,,,,,247
5,Clothes Mentor Selma,Umgee Boho Embroidered Floral Maroon Tunic Top NWT M,B0725,$6.50 ,$7.04 ,12/19/2021,202112,,,,,,,,,247
5,Clothes Mentor Selma,Entro Boho Tassel Hippie Blouse S,B0726,$5.50 ,$5.95 ,12/20/2021,202112,,,,,,,,,246
5,Clothes Mentor Selma,The North Face NWT Striped Tank XS,B0727,$6.50 ,$7.04 ,12/19/2021,202112,,,,,,,,,247
5,Clothes Mentor Selma,The Limited Blush Peplum Top XS,B0728,$4.50 ,$4.87 ,12/19/2021,202112,,,,,,,,,247
5,Clothes Mentor Selma,Philosophy Sheer Floral Long Sleeve Blouse S,B0729,$5.50 ,$5.95 ,12/18/2021,202112,,,,,,,,,248
5,Clothes Mentor Selma,She + Sky Faux Denim Burnout Long Sleeve Blouse L,B0730,$5.50 ,$5.95 ,12/18/2021,202112,,,,,,,,,248
,Clothes Mentor Selma,Reebok Logo Tank Cut Out Back M,B0731,$10.00 ,$10.83 ,Wearing,,,,,,,,,,
1,Clothes Mentor Selma,Altar'd State Knit High Low Sweater Crew Neck M,B0732,$7.00 ,$7.58 ,12/18/2021,202112,,,,,,,,,248
1,Clothes Mentor Selma,Free People Down By The Bay Boho Oversized Mixed Floral Print Tunic XS,B0733,$7.00 ,$7.58 ,12/16/2021,202112,,,,,,,,,250
1,Clothes Mentor Selma,Free People Tunic Top Blouse Plaid Pockets 0,B0734,$7.00 ,$7.58 ,12/18/2021,202112,,,,,,,,,248
5,Clothes Mentor Selma,Cabi Merrow Edge Floral Tank Blouse Orange #268 S ,B0735,$4.50 ,$4.87 ,12/20/2021,202112,,,,,,,,,246
5,Clothes Mentor Selma,Express Printed V Neck Blouse XS,B0736,$5.00 ,$5.41 ,12/18/2021,202112,,,,,,,,,248
,Clothes Mentor Selma,Pilcro and the Letterpress Anthro Juni Ruffled Denim Button Down Shirt XSP,B0737,$7.00 ,$7.58 ,12/17/2021,202112,,,,,,,,,249
5,Clothes Mentor Selma,Fabletics Bishop Tank Draped XS,B0738,$6.00 ,$6.50 ,12/16/2021,202112,,,,,,,,,250
,Clothes Mentor Selma,Reebok Racerback Heathered Grey Tank XS,B0739,$5.00 ,$5.41 ,Wearing,,,,,,,,,,
,Clothes Mentor Selma,Adidas Climalite High Waist 7/8 Heathered Grey Legging S,B0740,$7.00 ,$7.58 ,Wearing,,,,,,,,,,
,Clothes Mentor Selma,Zella High Waist Capri Legging Heathered Grey S,B0741,$6.00 ,$6.50 ,Wearing,,,,,,,,,,
,Clothes Mentor Selma,COH by Jerome Dahan 27 Black High Waist Straight Leg Jeans,B0742,$9.00 ,$9.74 ,,,,,,,,,,,
5,Clothes Mentor Selma,Akemi + Kin Anthropologie NWT Cream Embroidered Merewen Peasant Blouse L,B0743,$9.00 ,$9.74 ,12/16/2021,202112,,,,,,,,,250
