Bin#,Source,SKU,Item,Base Price,COGS,Date Listed,Year Month Listed,Platform Sold,Gross Sales,Platform Fee,Shipping,Gross Profit,Net Profit,Date Sold,Year Month Sold,Age of Listing
13,Closet,A0037,Old Navy Pixie Chino Tan Shorts,$0.00 ,$5.05 ,9/19/2019,20199,Poshmark,$8.00 ,$2.95 ,$0.00 ,$5.05 ,$0.00 ,5/4/2022,20225,958
14,Closet,A0043,Coral infinity scarf,$0.00 ,$0.00 ,1/20/2020,20201,,,,,,,,,946
14,Closet,A0046,Black lightweight infinity scarf,$0.00 ,$0.00 ,1/20/2020,20201,Poshmark,$8.00 ,$2.95 ,$0.00 ,$5.05 ,$5.05 ,6/6/2022,20226,868
14,Closet,A0048,Grey patterned infinity scarf,$0.00 ,$0.00 ,1/21/2020,20201,,,,,,,,,945
14,Closet,A0049,Red knit scarf,$0.00 ,$0.00 ,1/21/2020,20201,,,,,,,,,945
14,Closet,A0056,Green & white scarf,$0.00 ,$0.00 ,1/20/2020,20201,,,,,,,,,946
3,Closet,A0058,Francesca's Miami Floral Blouse,$0.00 ,$0.00 ,2/1/2019,20192,,,,,,,,,1299
12-Nov,Closet,A0070,Banana Republic Dress,$0.00 ,$0.00 ,9/19/2019,20199,,,,,,,,,1069
13,Closet,A0076,Express Button Front Shorts,$0.00 ,$0.00 ,9/17/2019,20199,,,,,,,,,1071
3,Garage Sale,A0088,Navy chiffon tunic cold shoulder sleeves,$2.50 ,$2.50 ,9/14/2019,20199,,,,,,,,,1074
7,Garage Sale,A0090,Umgee Boho Pink cold shoulder blouse,$2.50 ,$2.50 ,9/14/2019,20199,,,,,,,,,1074
12-Nov,Texas Thrift Store,A0104,Vintage chambray button up dress,$1.98 ,$2.14 ,4/4/2021,20214,Poshmark,$30.00 ,$6.00 ,$0.00 ,$24.00 ,$21.86 ,6/7/2022,20226,429
7,Texas Thrift Store,A0121,GAP Fitted Boyfriend Long Sleeve Button Down Up,$2.49 ,$2.70 ,11/20/2019,201911,,,,,,,,,1007
5,Texas Thrift Store,A0123,Poetry white blouse with black cross design,$1.49 ,$1.61 ,11/13/2019,201911,,,,,,,,,1014
5,Texas Thrift Store,A0132,love FIRE blue and orange floral button up tank,$2.09 ,$2.26 ,11/13/2019,201911,,,,,,,,,1014
5,Texas Thrift Store,A0134,BKE Grey long sleeve distressed top,$2.98 ,$3.23 ,7/12/2021,,,,,,,,,,407
3,Texas Thrift Store,A0140,Joie Silk Acacia Dolman Top Striped Neon,$0.99 ,$1.07 ,11/12/2019,201911,,,,,,,,,1015
12-Nov,Texas Thrift Store,A0146,J. Crew Chambray denim short sleeved dress,$0.99 ,$1.07 ,11/21/2019,201911,,,,,,,,,1006
7,Texas Thrift Store,A0154,Urban Outfitters X Alternative Apparel Graphic Tee Donkey,$0.99 ,$1.07 ,7/11/2021,20217,,,,,,,,,408
2,Closet,A0156,Lucky Brand Orange Navy Cream Print Long Sleeve Top,$0.00 ,$0.00 ,2/1/2019,20192,,,,,,,,,1299
3,Garage Sale,A0162,Hollister Semi Cropped Blouse,$2.00 ,$2.00 ,4/5/2021,20214,,,,,,,,,505
12-Nov,Closet,A0176,Rampage Black Bodycon Strappy Cocktail Dress,$0.00 ,$0.00 ,11/13/2019,201911,,,,,,,,,1014
10-Sep,Texas Thrift Store,A0183,7 for all Mankind Dark Wash Bootcut Jeans,$0.99 ,$1.07 ,11/15/2019,201911,,,,,,,,,1012
4,Closet,A0187,Poetry Aztec Top,$0.00 ,$0.00 ,9/14/2019,20199,,,,,,,,,1074
10-Sep,Texas Thrift Store,A0219,Ann Taylor Loft Curvy Boot Jeans,$2.50 ,$2.71 ,11/23/2019,201911,,,,,,,,,1004
10-Sep,Texas Thrift Store,A0221,GAP Curvy Flare Jeans,$2.50 ,$2.71 ,11/23/2019,201911,,,,,,,,,1004
WEARING,Thrift City Outlet,A0226,american eagle wrap blouse with bell sleeves,$2.00 ,$2.17 ,WEARING,,,,,,,,,,
2,Thrift City Outlet,A0231,Lucky Brand Floral Boho Peasant Top Cream Blue Floral,$2.00 ,$2.17 ,12/4/2019,201912,Poshmark,$20.00 ,$4.00 ,$0.00 ,$16.00 ,$13.84 ,1/19/2022,20221,777
,Thrift City Outlet,A0232,American Eagle Floral Ruffle Strappy Tank Pink Grey,$2.00 ,$2.17 ,12/4/2019,201912,,,,,,,,,993
5,Closet,A0237,Ann Taylor Loft Colorful Striped Boatneck Top XS,$0.00 ,$0.00 ,12/6/2020,202012,,,,,,,,,625
10-Sep,Thrift City Outlet,A0239,American Eagle Favorite Boyfriend Stretch Jeans,$2.00 ,$2.17 ,12/5/2019,201912,Poshmark,$27.00 ,$5.40 ,$0.00 ,$21.60 ,$19.44 ,7/22/2022,20227,960
10-Sep,Thrift City Outlet,A0241,Kate Spade Saturday Two Toned Skinny Jeans,$2.00 ,$2.17 ,12/5/2019,201912,,,,,,,,,992
,Texas Thrift Store,A0242,Marc by Marc Jacobs black knit top,$2.50 ,$2.71 ,12/4/2019,201912,Poshmark,$18.33 ,$3.67 ,$0.00 ,$14.67 ,$11.96 ,5/4/2022,20225,882
1,Texas Thrift Store,A0244,Pebble and Stone Anthropologie Heather Grey Sweater Wide Sleeves,$4.00 ,$4.33 ,12/4/2019,201912,,,,,,,,,993
1,Texas Thrift Store,A0245,J. Crew Pink Purple Floral Sweatshirt,$4.00 ,$4.33 ,12/4/2019,201912,Poshmark,$27.00 ,$5.40 ,$1.72 ,$19.88 ,$15.55 ,4/2/2022,20224,850
10-Sep,Texas Thrift Store,A0249,Lauren Conrad Jeans Dark Wash,$0.99 ,$1.07 ,12/5/2019,201912,,,,,,,,,992
10-Sep,Texas Thrift Store,A0250,7FAM A Pocket Flare Jeans 27,$0.99 ,$1.07 ,12/5/2019,201912,Poshmark,$25.00 ,$5.00 ,$0.00 ,$20.00 ,$18.93 ,7/22/2022,20227,960
10-Sep,Texas Thrift Store,A0251,Rock & Republic Midrise Skinny Jeans Floral Design,$0.99 ,$1.07 ,12/5/2019,201912,Poshmark,$18.33 ,$3.66 ,$0.00 ,$14.67 ,$13.60 ,5/4/2022,20225,881
3,Texas Thrift Store,A0254,J. Crew white teal navy print top long sleeve,$0.99 ,$1.07 ,12/4/2019,201912,,,,,,,,,993
1,Texas Thrift Store,A0276,Altar'd State Grey White Lace Knit Sweater,$1.99 ,$2.15 ,12/9/2019,201912,,,,,,,,,988
10-Sep,Salvation Army,A0278,American Eagle Skinny Stretch Jeans,$3.50 ,$3.78 ,12/8/2019,201912,,,,,,,,,989
7,Salvation Army,A0281,The Limited Printed Blouse,$1.50 ,$1.62 ,12/9/2019,201912,,,,,,,,,988
1,Salvation Army,A0282,Ann Taylor White Anchor Nautical Sweater ,$3.50 ,$3.78 ,12/9/2019,201912,,,,,,,,,988
10-Sep,Closet,A0285,LulaRoe Legging aztec boho tribal print one size,$0.00 ,$0.00 ,12/6/2019,201912,,,,,,,,,991
10-Sep,Closet,A0287,LulaRoe Legging aztec boho tribal print one size,$0.00 ,$0.00 ,12/6/2019,201912,,,,,,,,,991
10-Sep,Closet,A0289,LulaRoe Legging aztec boho tribal print one size,$0.00 ,$0.00 ,12/6/2019,201912,,,,,,,,,991
7,Thrift City Outlet,A0291,Gianni Bini dolman sleeve colorblock blouse,$2.00 ,$2.17 ,12/19/2019,201912,,,,,,,,,978
2,Thrift City Outlet,A0293,Lucky Brand | Paisley Print Top Boho Hippie Gypsy S,$2.00 ,$2.17 ,4/3/2021,20214,,,,,,,,,507
1,Thrift City Outlet,A0296,Cloth & Stone Anthropologie button down soft denim,$2.00 ,$2.17 ,12/22/2019,201912,,,,,,,,,975
7,Thrift City Outlet,A0298,Michael Michael Kors Lime Green Loose Fit Blouse,$2.00 ,$2.17 ,12/22/2019,201912,,,,,,,,,975
1,Thrift City Outlet,A0299,Maeve by Anthropologie Pink & White Stripe Top,$2.00 ,$2.17 ,12/23/2019,201912,,,,,,,,,974
1,Thrift City Outlet,A0303,Kaii Los Angeles Summer Tie Front Blouse,$2.00 ,$2.17 ,12/23/2019,201912,,,,,,,,,974
1,Thrift City Outlet,A0306,Francesca's miami long sleeved keyhole scoop neck stripe,$2.00 ,$2.17 ,12/26/2019,201912,,,,,,,,,971
N/A,Thrift City,A0316,BASS Congac Ankle Booties Slip On Heel Pointed Toe Absolute Leather,$7.57 ,$8.19 ,1/6/2020,20201,,,,,,,,,960
7,Thrift City,A0317,Lauren Conrad Daisy Floral Knit Crocheted Top,$2.72 ,$2.94 ,1/5/2020,20201,,,,,,,,,961
1,Thrift City,A0318,Madewell Stripe 3/4 Sleeve Top Green Black,$2.92 ,$3.16 ,1/5/2020,20201,,,,,,,,,961
2,Thrift City,A0320,Lucky Brand Paisley Boho Hippie Gypsy V-neck Tassel,$4.94 ,$5.35 ,4/3/2021,20214,,,,,,,,,507
1,Thrift City,A0328,Anthropologie Maeve Linden Polka Dot Dolman Sleeve,$4.94 ,$5.35 ,1/7/2020,20201,Wearing,,,,,,,,959
1,Goodwill Austin Hwy,A0336,Cabi Cross Zip Moto Sweater Jacket,$4.79 ,$5.19 ,1/8/2020,20201,,,,,,,,,958
1,Goodwill Austin Hwy,A0337,Cabi Double Button Blazer Peacoat Sweater Jacket,$6.49 ,$7.03 ,1/8/2020,20201,,,,,,,,,958
3,Texas Thrift Store,A0354,J. Jill Wearever Collection Red Waffle Tunic Dress Blouse,$5.98 ,$6.47 ,1/11/2020,20201,Poshmark,$10.00 ,$2.95 ,$0.00 ,$7.05 ,$0.58 ,3/10/2022,20223,789
13,Texas Thrift Store,A0358,Hype Rolled Hem Denim Shorts Size 5,$0.99 ,$1.07 ,1/9/2020,20201,,,,,,,,,957
10-Sep,Texas Thrift Store,A0363,American Eagle Skinny Stretch Jeans Size 00 Short,$0.99 ,$1.07 ,1/13/2020,20201,Poshmark,$11.67 ,$2.33 ,$0.82 ,$8.51 ,$7.44 ,1/16/2022,20221,734
5,Goodwill Bins N ATX,A0381,Vintage Striped Chunky Knit Grandpa Sweater L,$0.84 ,$0.91 ,1/15/2020,20201,Poshmark,$25.00 ,$5.00 ,$0.00 ,$20.00 ,$19.09 ,2/5/2022,20222,752
7,Goodwill Bins N ATX,A0383,The Limited Embellished T Shirt Sheer XS,$0.84 ,$0.91 ,1/15/2020,20201,,,,,,,,,951
2,Goodwill Bins N ATX,A0385,Lucky Brand Boho Hippie Gypsy V Neck Peasant M,$0.84 ,$0.91 ,1/15/2020,20201,,,,,,,,,951
7,Goodwill Bins N ATX,A0395,BCBGeneration Paisley Wrap Tie Crop Festival Hippie Boho XXS,$0.84 ,$0.91 ,1/16/2020,20201,,,,,,,,,950
14,Thrift City,A0411,Mark Cross Body Boho Hippie Brown Square Cut Out Purse,$2.00 ,$2.17 ,1/19/2020,20201,Poshmark,$15.00 ,$3.00 ,$1.72 ,$10.28 ,$8.12 ,4/13/2022,20224,815
1,Thrift City,A0414,Umgee Floral Bell Sleeve Top Boho S,$2.00 ,$2.17 ,1/21/2020,20201,Poshmark,$24.00 ,$4.80 ,$1.28 ,$17.92 ,$15.76 ,4/28/2022,20224,828
12-Nov,Thrift City,A0417,LuLaRoe Julia Aztec Dress XS NWT,$2.00 ,$2.17 ,1/21/2020,20201,,,,,,,,,945
12,Goodwill Bins S ATX,A0422,Everly Sleeveless Printed Sun Dress Small,$0.91 ,$0.98 ,6/22/2022,20226,,,,,,,,,62
12-Nov,Goodwill Bins S ATX,A0432,Calessa Boho Paisley Hippie Gypsy Maxi Dress S,$0.91 ,$0.98 ,1/29/2020,20201,Poshmark,$27.00 ,$5.40 ,$1.72 ,$19.88 ,$18.90 ,5/22/2022,20225,844
1,Goodwill Bins S ATX,A0434,Merona Color Block Scoop Neck Pullover Knit Sweater M,$0.91 ,$0.98 ,1/28/2020,20201,,,,,,,,,938
1,Goodwill Bins S ATX,A0438,Express Aztec Tribal Sequin Multi Color Tank XS,$0.91 ,$0.98 ,1/28/2020,20201,Poshmark,$24.00 ,$4.80 ,$1.28 ,$17.92 ,$16.94 ,4/28/2022,20224,821
1,Goodwill Bins S ATX,A0440,Pleione Chambray Peasant Tassel Top S,$0.91 ,$0.98 ,1/25/2020,20201,,,,,,,,,941
12-Nov,Goodwill Bins S ATX,A0441,Michael Kors Shift Dress Toggle 3/4 Sleeve M,$0.91 ,$0.98 ,1/29/2020,20201,,,,,,,,,937
12-Nov,Goodwill Bins S ATX,A0446,LuLaRoe Orange Pocket Fit and Flare T Dress XXS,$0.91 ,$0.98 ,1/30/2020,20201,,,,,,,,,936
1,Goodwill Bins S ATX,A0454,Do Everything in Love Kimono Fringe Shawl Boho OS,$0.91 ,$0.98 ,1/26/2020,20201,,,,,,,,,940
1,Goodwill Bins S ATX,A0459,Halogen Plus Size Double V Neck Black White Rope 1X,$0.91 ,$0.98 ,1/25/2020,20201,,,,,,,,,941
N/A,Goodwill Bins S ATX,A0462,Kenneth Cole Kassie Slip On Sneakers Size 9M,$0.91 ,$0.98 ,1/24/2020,20201,Poshmark,$18.00 ,$3.60 ,$2.46 ,$11.94 ,$10.96 ,1/31/2022,20221,738
N/A,Goodwill Bins S ATX,A0466,Restricted Gladiator Sandal Zipper Low Heel 7.5,$0.91 ,$0.98 ,1/24/2020,20201,Poshmark,$18.00 ,$3.60 ,$0.00 ,$14.40 ,$13.42 ,5/4/2022,20225,831
14,Goodwill Bins S ATX,A0475,3/$20 Black & White Tie Dye Print Fringe Tassel Scarf,$0.91 ,$0.98 ,1/24/2020,20201,,,,,,,,,942
7,Clothes Mentor Selma,A0480,CAbi Sheer Dolman Ombre Fade Out Blouse XS,$1.20 ,$1.30 ,1/31/2020,20201,,,,,,,,,935
12-Nov,Clothes Mentor Selma,A0482,Love by Chelsey Boho Aztec Tunic M,$1.10 ,$1.19 ,1/31/2020,20201,,,,,,,,,935
1,Clothes Mentor Selma,A0485,Altar'd State Boho Lace Paisely Long Sleeve Top S,$1.00 ,$1.08 ,2/1/2020,20202,,,,,,,,,934
7,Clothes Mentor Selma,A0489,Nike Dri Fit Racer Back Tank S,$1.10 ,$1.19 ,2/12/2020,20202,,,,,,,,,923
7,Goodwill Bins SAT,A0493,The Nike Tee Athletic Cut Racerback Tank M,$0.99 ,$1.07 ,2/6/2020,20202,Poshmark,$13.34 ,$2.66 ,$0.00 ,$10.68 ,$9.61 ,7/29/2022,20227,904
14,Goodwill Bins SAT,A0501,3/$20 Scarf white with black print design semi-sheer,$0.99 ,$1.07 ,2/7/2020,20202,,,,,,,,,928
N/A,Goodwill Bins S ATX,A0506,Amanda Smith Crushed Velvet Floral Fleur Boot 7.5,$0.99 ,$1.07 ,2/6/2020,20202,Poshmark,$27.00 ,$5.40 ,$1.72 ,$19.88 ,$18.81 ,5/31/2022,20225,845
N/A,Goodwill Bins S ATX,A0508,DVF Black Suede Pointed Toe Heel 6.5,$0.99 ,$1.07 ,2/4/2020,20202,,,,,,,,,931
1,Goodwill Bins S ATX,A0521,Lucky Brand Boho Hippie Gypsy Lace Tank S,$0.91 ,$0.99 ,2/13/2020,20202,,,,,,,,,922
14,Goodwill Bins S ATX,A0532,Vintage Leather High Waist Pencil Skirt 7/8,$0.91 ,$0.99 ,2/28/2020,20202,Defective,$20.00 ,$2.00 ,$0.00 ,$18.00 ,$17.01 ,1/19/2022,20221,691
1,Goodwill NW Loop 410,A0552,Athleta Red Cap Sleeve Scoop Neck Top XS,$4.79 ,$5.19 ,2/24/2020,20202,,,,,,,,,911
10-Sep,Texas Thrift Store,A0564,Kut from the Kloth Natalie High Rise Bootcut Jeans 10S,$3.49 ,$3.78 ,2/28/2020,20202,,,,,,,,,907
14,Goodwill NW Loop 410,A0566,$3/20 Coral Lace Infinity Scarf,$1.00 ,$1.08 ,2/12/2020,20202,,,,,,,,,923
14,Goodwill NW Loop 410,A0567,$3/20 Rainbow Fringe Multi Color Metallic Scarf,$1.00 ,$1.08 ,2/12/2020,20202,,,,,,,,,923
1,Goodwill NW Loop 410,A0570,Zara Trafaluc Floral Sheer Top V Neck Short Sleeve Faux Wrap S,$4.79 ,$5.19 ,2/13/2020,20202,,,,,,,,,922
12-Nov,Goodwill NW Loop 410,A0582,Anthropologie Holding Horses Aztec Long Sleeve Dress 4,$2.40 ,$2.59 ,2/19/2020,20202,,,,,,,,,916
12-Nov,Goodwill NW Loop 410,A0584,Francesca's Boho Scoop Neck Dress S,$3.25 ,$3.51 ,2/19/2020,20202,,,,,,,,,916
7,Closet,A0586,GAP Italian Merino Wool Sweater V-Neck S,$0.00 ,$0.00 ,2/26/2020,20202,,,,,,,,,909
7,Closet,A0589,Liz Claiborne Floral Crew Neck Blouse S,$0.00 ,$0.00 ,2/26/2020,20202,,,,,,,,,909
1,Closet,A0598,Express Racer Back Gold Sequin Tank S,$0.00 ,$0.00 ,2/25/2020,20202,,,,,,,,,910
1,Closet,A0601,Express racer Back White Sequin Tank XS,$0.00 ,$0.00 ,2/25/2020,20202,,,,,,,,,910
N/A,Texas Thrift Store,A0625,Lucky Brand Embany Tan Quilted Ballet Flat 6,$3.49 ,$3.77 ,2/27/2020,20202,,,,,,,,,908
10-Sep,Closet,A0648,GAP Premium Super Skinny Black Jeans 2,$0.00 ,$0.00 ,2/29/2020,20202,,,,,,,,,906
1,Goodwill Kyle,A0653,Chaser Maroon Henley Thermal Long Sleeve S,$3.50 ,$3.78 ,3/4/2020,20203,,,,,,,,,902
,Goodwill Bins N ATX,A0658,Altar'd State Espadrilles Platform Wedge 8.5,$0.85 ,$0.92 ,Damaged,,Damaged,,,,,,5/23/2022,20225,
7,Goodwill Bins N ATX,A0668,Nike DriFit Pink V-Neck Short Sleeve T-Shirt XS,$0.85 ,$0.92 ,3/5/2020,20203,,,,,,,,,901
3,Goodwill Bins N ATX,A0670,NASA Classic Graphic T Shirt Blue Unisex S,$0.85 ,$0.92 ,3/5/2020,20203,,,,,,,,,901
7,Goodwill Bins N ATX,A0677,GB Boho Lace Peplum Long Sleeve Blouse M,$0.85 ,$0.92 ,3/6/2020,20203,,,,,,,,,900
4,Goodwill Bins N ATX,A0682,Embroidered Floral V Neck T Shirt S,$0.85 ,$0.92 ,4/2/2021,20214,,,,,,,,,508
5,Goodwill Bins N ATX,A0689,PureJill Open Front Tie Waist Cardigan M Petite,$0.85 ,$0.92 ,7/25/2020,20207,,,,,,,,,759
3,Goodwill Bins N ATX,A0690,Talori Striped Draped Long Sleeve Blouse Wrap M,$0.85 ,$0.92 ,7/24/2020,20207,,,,,,,,,760
1,Goodwill Bins N ATX,A0692,Paper Crane Cowl Neck Waffle Knit Cross Front Top M,$0.85 ,$0.92 ,3/3/2020,20203,,,,,,,,,903
WEARING,Goodwill Bins N ATX,A0694,J. Crew Charcoal Crew Neck Sweatshirt S,$0.85 ,$0.92 ,WEARING,,,,,,,,,,
7,Goodwill Bins N ATX,A0695,aerie floral lace boho keyhole short sleeve top S,$0.85 ,$0.92 ,3/3/2020,20203,,,,,,,,,903
2,Goodwill Bins N ATX,A0703,Banana Republic Striped Short Sleeve Tie Front Blouse L,$0.85 ,$0.92 ,3/4/2020,20203,Poshmark,$13.00 ,$2.95 ,$0.00 ,$10.05 ,$9.13 ,1/17/2022,20221,684
N/A,Texas Thrift Store,A0705,Sam Edelman Blue Gigi Thong Sandal 7.5,$2.49 ,$2.70 ,3/30/2020,20203,,,,,,,,,876
12-Nov,Goodwill Bins N ATX,A0710,Angie Boho Paisley Hippie Gypsy Dress S,$0.85 ,$0.92 ,3/19/2020,20203,,,,,,,,,887
14,Closet,A0721,You're The Bomb Lavender Bath Bombs,$0.00 ,$0.00 ,3/30/2020,20203,,,,,,,,,876
7,Garage Sale,A0729,Express Sexy Basic Sequin Grey Tank M,$0.50 ,$0.50 ,3/7/2020,20203,Poshmark,$15.00 ,$3.00 ,$2.46 ,$9.54 ,$9.04 ,2/20/2022,20222,715
3,Garage Sale,A0734,Maison Jules Knit Striped High / Low Sweater M,$0.50 ,$0.50 ,7/18/2020,20207,,,,,,,,,766
12-Nov,Garage Sale,A0736,Cynthia Rowley Embellished Shift Dress M,$0.50 ,$0.50 ,3/8/2020,20203,,,,,,,,,898
1,Garage Sale,A0739,Cynthia Rowley Abstract Printed Tank Plus Size 1X,$3.00 ,$3.00 ,3/8/2020,20203,,,,,,,,,898
N/A,Goodwill N Loop 1604,A0743,Stubbs & Wootton Black Velvet Maltese Cross 5.5,$6.99 ,$7.57 ,3/30/2020,20203,Poshmark,$60.00 ,$12.00 ,$0.00 ,$48.00 ,$40.43 ,2/6/2022,20222,678
N/A,Texas Thrift Store,A0750,Lucky Brand Kyndra Espadrille Wedge Open Toe Sandal 8,$2.99 ,$3.24 ,3/31/2020,20203,Poshmark,$26.00 ,$5.20 ,$1.72 ,$19.08 ,$15.84 ,2/24/2022,20222,695
7,Texas Thrift Store,A0755,Knox Rose Floral Paisley Ruffle Boho Peasant Top XS,$2.99 ,$3.24 ,3/18/2020,20203,,,,,,,,,888
2,Texas Thrift Store,A0758,CAbi Arabesque Cami Boho Tank S,$1.49 ,$1.61 ,3/17/2020,20203,Poshmark,$24.00 ,$4.80 ,$1.28 ,$17.92 ,$16.31 ,4/28/2022,20224,772
2,Texas Thrift Store,A0761,Minkpink Floral Tank Mesh V-Neck XS,$0.99 ,$1.07 ,3/17/2020,20203,,,,,,,,,889
2,Texas Thrift Store,A0763,Skies Are Blue StitchFix NWT Paisley Muller Ruffle Detail Blouse Sleeveless SP,$3.98 ,$4.31 ,3/13/2020,20203,,,,,,,,,893
1,Texas Thrift Store,A0766,CAbi Ruffle Semi-Sheer Sleeveless Tunic Tank XS,$3.98 ,$4.31 ,3/16/2020,20203,Poshmark,$24.00 ,$4.80 ,$1.28 ,$17.92 ,$13.61 ,4/28/2022,20224,773
2,Texas Thrift Store,A0770,Painted Threads Striped Knit Kimono Cardigan S,$2.49 ,$2.70 ,3/16/2020,20203,,,,,,,,,890
WEARING,Texas Thrift Store,A0772,ZARA Basic Collection Charcoal Tank S,$2.09 ,$2.26 ,WEARING,,,,,,,,,,
7,Texas Thrift Store,A0774,PINK Victoria's Secret Lace Long Sleeve Top Mint Green M,$3.49 ,$3.78 ,3/16/2020,20203,,,,,,,,,890
2,Texas Thrift Store,A0776,Umgee Plaid Button Down Lace Hem M,$2.49 ,$2.70 ,3/16/2020,20203,Poshmark,$26.00 ,$5.20 ,$2.46 ,$18.34 ,$15.64 ,2/6/2022,20222,692
2,Texas Thrift Store,A0778,Joie Eniko C Embroidered Tassel 100% Silk Tank Top XS,$2.49 ,$2.70 ,3/16/2020,20203,,,,,,,,,890
12-Nov,Texas Thrift Store,A0779,Francesca's Pale Pink High Neck Fit & Flare Dress S,$4.99 ,$5.40 ,3/14/2020,20203,,,,,,,,,892
1,Texas Thrift Store,A0784,Altar'd State NWT Lace Ombre Tank S,$3.49 ,$3.77 ,3/14/2020,20203,,,,,,,,,892
2,Texas Thrift Store,A0785,Crescent NWT Lace Back Button Down Tank S,$3.49 ,$3.77 ,3/14/2020,20203,,,,,,,,,892
7,Texas Thrift Store,A0786,J. Crew Horizontal Stripe 3/4 Sleeve Top M,$1.49 ,$1.61 ,3/13/2020,20203,,,,,,,,,893
2,Texas Thrift Store,A0805,CAbi Clover Dots Cuffed Silk Button Down S,$1.99 ,$2.15 ,3/24/2020,20203,,,,,,,,,882
2,Texas Thrift Store,A0806,Anthro Holding Horses Navy Light Weight Tunic S,$2.49 ,$2.70 ,3/24/2020,20203,,,,,,,,,882
2,Texas Thrift Store,A0810,Lucky Brand T Shirt Crew Neck S,$2.49 ,$2.70 ,3/23/2020,20203,,,,,,,,,883
12-Nov,Texas Thrift Store,A0811,The North Face Women's Tunic Dress Shirt M,$3.49 ,$3.78 ,3/23/2020,20203,,,,,,,,,883
2,Texas Thrift Store,A0814,J. Crew Tank Top Crochet Floral Lace Front M,$2.49 ,$2.70 ,3/24/2020,20203,Poshmark,$13.33 ,$2.67 ,$0.00 ,$10.66 ,$7.96 ,7/29/2022,20227,857
2,Texas Thrift Store,A0820,Everly Tank Abstract Coral M,$1.99 ,$2.15 ,3/28/2020,20203,,,,,,,,,878
2,Texas Thrift Store,A0822,Pure Barre 20 in 31 Tank L,$0.99 ,$1.07 ,3/28/2020,20203,,,,,,,,,878
,Texas Thrift Store,A0823,Tally Weijl Elephant Boho Festival Tank XS,$0.99 ,$1.07 ,Unlisted,,,,,,,,,,
2,Texas Thrift Store,A0833,CAbi Flutter Camo Tank Top Green & Brown Stripe M,$1.99 ,$2.15 ,4/5/2020,20204,Poshmark,$24.00 ,$4.80 ,$0.00 ,$19.20 ,$17.05 ,1/6/2022,20221,641
2,Texas Thrift Store,A0834,LUSH Racer Back Green Floral Tank S,$1.99 ,$2.15 ,4/4/2020,20204,,,,,,,,,871
2,Texas Thrift Store,A0836,Francesca's Alya Floral Boho Tank S,$1.99 ,$2.15 ,4/2/2020,20204,,,,,,,,,873
2,Texas Thrift Store,A0838,AEO Beaded Southwestern Tribal Tank S,$1.49 ,$1.61 ,4/9/2020,20204,,,,,,,,,866
12-Nov,Texas Thrift Store,A0839,Altar'd State Blue Lace Cut Out Dress XS,$2.99 ,$3.24 ,4/2/2020,20204,,,,,,,,,873
2,Texas Thrift Store,A0840,Athleta Coral Swing Tank XS,$0.99 ,$1.07 ,4/2/2020,20204,,,,,,,,,873
2,Texas Thrift Store,A0842,Pleione High Low Hem Sleeveless Blouse Dot Pattern XS,$2.49 ,$2.70 ,4/6/2020,20204,,,,,,,,,869
2,Texas Thrift Store,A0843,The Limited Chambray Sleeveless Button Down S,$1.49 ,$1.61 ,4/2/2020,20204,,,,,,,,,873
2,Texas Thrift Store,A0845,J. Crew Ruffle Front Tank M,$2.49 ,$2.70 ,4/6/2020,20204,,,,,,,,,869
2,Texas Thrift Store,A0851,Silence + Noise UO Red Aztec Racerback Tank XS,$1.99 ,$2.15 ,4/13/2020,20204,,,,,,,,,862
2,Texas Thrift Store,A0852,Zella All Day Waffle Knit Strappy Tank NWT S,$2.49 ,$2.70 ,4/13/2020,20204,,,,,,,,,862
2,Texas Thrift Store,A0854,Melrose and Market NWT Boho Tank S,$2.99 ,$3.24 ,4/13/2020,20204,,,,,,,,,862
2,Texas Thrift Store,A0855,Melrose and Market NWT Boho Tank XS,$2.99 ,$3.24 ,4/13/2020,20204,,,,,,,,,862
2,Texas Thrift Store,A0860,BCBGMaxAzria Coral Sleeveless High / Low Hem Tank XS,$2.49 ,$2.70 ,4/18/2020,20204,,,,,,,,,857
2,Texas Thrift Store,A0861,Adrianna Papell Icy Blue Embroidard V Neck Sharkbite Tank S,$4.99 ,$5.40 ,4/18/2020,20204,Poshmark,$10.00 ,$0.00 ,$0.00 ,$10.00 ,$4.60 ,3/26/2022,20223,707
2,Texas Thrift Store,A0862,Horny Toad Button Down Tank XS,$1.49 ,$1.61 ,4/17/2020,20204,,,,,,,,,858
7,Texas Thrift Store,A0863,Olive & Oak Semi Sheer Blue White Stripe Tank S,$2.49 ,$2.70 ,4/17/2020,20204,,,,,,,,,858
2,Texas Thrift Store,A0864,Market & Spruce Joney Lace Detail Knit Top NWT S,$2.99 ,$3.24 ,4/14/2020,20204,,,,,,,,,861
12-Nov,Texas Thrift Store,A0868,Michael Stars White Tassel Semi Sheer Shift Dress S,$2.99 ,$3.24 ,4/14/2020,20204,,,,,,,,,861
10-Sep,Closet,A0871,Nike Capri Dri Fit Crop High Waist M,$0.00 ,$16.00 ,3/16/2021,,Poshmark,$20.00 ,$4.00 ,$0.00 ,$16.00 ,$0.00 ,3/24/2022,20223,373
14,Facebook Marketplace,A0880,Bar III Purple Romper Shorts V-Neck Pockets XL,$3.29 ,$3.29 ,5/11/2020,20205,,,,,,,,,834
3,Facebook Marketplace,A0882,Love Riche NWT Black Long Sleeve Tunic Blouse M,$3.29 ,$3.29 ,5/8/2020,20205,,,,,,,,,837
4,Facebook Marketplace,A0883,Deletta Anthro Corinthian Beaded Shoulder Boho Top M,$3.29 ,$3.29 ,5/5/2020,20205,,,,,,,,,840
10-Sep,Facebook Marketplace,A0886,Calvin Klein Dress Pant Charcoal 10,$3.29 ,$3.29 ,5/4/2020,20205,,,,,,,,,841
3,Facebook Marketplace,A0887,Abound Short Sleeve Knit Tunic T Pocket L,$3.29 ,$3.29 ,5/11/2020,20205,,,,,,,,,834
3,Facebook Marketplace,A0889,New York & Company Checkered Lace Blouse S,$3.29 ,$3.29 ,5/11/2020,20205,,,,,,,,,834
5,Facebook Marketplace,A0890,Lucy Active Zip Up Jacket M,$3.29 ,$3.29 ,5/4/2020,20205,,,,,,,,,841
WEARING,Facebook Marketplace,A0893,Old Navy Black Floral Flutter Sleeve Dress M Petite,$3.29 ,$3.29 ,WEARING,,,,,,,,,,
3,Facebook Marketplace,A0897,Gears of War 3 Rare Graphic T Shirt S,$0.54 ,$0.54 ,5/5/2020,20205,,,,,,,,,840
6,Clothes Mentor Selma,A0903,Patrons of Peace Boho Paisely Tank L,$2.46 ,$2.66 ,7/26/2020,20207,Poshmark,$21.00 ,$4.20 ,$1.72 ,$15.08 ,$12.42 ,4/8/2022,20224,621
2,Clothes Mentor Selma,A0904,Umgee Patchwork Boho Floral Lace Tunic Tank S,$2.46 ,$2.66 ,7/26/2020,20207,,,,,,,,,758
3,Clothes Mentor Selma,A0907,Modern Lux Cactus Southwestern Desert Graphic T L,$3.16 ,$3.42 ,5/6/2020,20205,,,,,,,,,839
12-Nov,Clothes Mentor Selma,A0910,J. Jill Double Layer Tunic Top / Mini Dress Paisley M,$6.67 ,$7.22 ,5/12/2020,20205,Poshmark,$35.00 ,$7.00 ,$0.00 ,$28.00 ,$20.78 ,2/28/2022,20222,657
12-Nov,Clothes Mentor Selma,A0913,Lilly Pulitzer Edna Dress Tile Wave XS NWOT,$10.86 ,$11.76 ,8/24/2020,20208,,,,,,,,,729
3,Clothes Mentor Selma,A0914,Zara Floral Lace Embroidered T-Shirt Blouse M,$5.26 ,$5.69 ,5/8/2020,20205,,,,,,,,,837
3,Clothes Mentor Selma,A0916,Fifth Sun Making Pour Decisions Graphic Tank M,$1.06 ,$1.15 ,5/12/2020,20205,Poshmark,$17.00 ,$3.40 ,$1.72 ,$11.88 ,$10.73 ,6/7/2022,20226,756
2,Clothes Mentor Selma,A0917,Umgee Lace Boho Tassel Dress M,$1.76 ,$1.91 ,5/12/2020,20205,,,,,,,,,833
3,Clothes Mentor Selma,A0918,Umgee Lace Mock Neck Coral Blouse M,$4.56 ,$4.94 ,5/13/2020,20205,Poshmark,$34.00 ,$6.80 ,$0.00 ,$27.20 ,$22.26 ,5/9/2022,20225,726
,Clothes Mentor Selma,A0919,A'reve Anthro Lace Tulle Tunic Blouse Sleeveless M,$5.96 ,$6.45 ,5/11/2020,20205,,,,,,,,,834
2,Clothes Mentor Selma,A0921,Umgee Dolman Sleeve Boho Oversize Blouse M,$5.26 ,$5.69 ,5/13/2020,20205,,,,,,,,,832
10-Sep,Poshmark,A0929,AEO Straight Leg Stretch Dark Wash Jeans 0 Short,$6.49 ,$6.49 ,5/23/2020,20205,,,,,,,,,822
N/A,Poshmark,A0933,ALDO Black Ankle Bootie Black Rhinestone 7.5,$6.49 ,$6.49 ,6/27/2020,20206,,,,,,,,,787
5,ThredUp,A0935,Pink Rose Boho Floral Blouse High/Low Hem XS,$5.40 ,$5.85 ,5/17/2020,20205,Poshmark,$17.00 ,$3.40 ,$1.72 ,$11.88 ,$6.03 ,6/19/2022,20226,763
3,ThredUp,A0936,42pops Sequin Sleeve Knit Pocket Tee M,$5.00 ,$5.41 ,6/2/2020,20206,,,,,,,,,812
12-Nov,ThredUp,A0937,Boho Cream Crochet Slip Dress S,$5.00 ,$5.41 ,7/27/2020,20207,,,,,,,,,757
12-Nov,ThredUp,A0938,Love Tree Boho Floral Sleeveless Dress S,$4.00 ,$4.33 ,5/17/2020,20205,,,,,,,,,828
12-Nov,ThredUp,A0940,Everly Boho Hippie Sleeveless Shift Dress S,$5.00 ,$5.41 ,5/23/2020,20205,,,,,,,,,822
,ThredUp,A0941,Boho Black Blouse with White Pattern S,$4.50 ,$4.87 ,6/2/2020,20206,,,,,,,,,812
4,ThredUp,A0942,Boho Green Blouse with White Pattern L,$5.00 ,$5.41 ,6/2/2020,20206,,,,,,,,,812
12-Nov,ThredUp,A0947,Collective Concepts Dress Bat Wing Sleeve Elastic Waist S,$4.20 ,$4.55 ,5/15/2020,20205,,,,,,,,,830
12-Nov,ThredUp,A0950,Bohemian A-Line Dress 3/4 Sleeves S,$4.00 ,$4.33 ,5/16/2020,20205,,,,,,,,,829
5,ThredUp,A0951,41Hawthorn Beckett V-Neck Sleeveless Blouse M,$4.80 ,$5.20 ,5/16/2020,20205,,,,,,,,,829
N/A,Goodwill Austin Hwy,A0960,Sam Edelman Circus Bomb Shell Striped Espadrilles 7,$3.99 ,$4.32 ,6/27/2020,20206,,,,,,,,,787
6,Goodwill NW Loop 410,A0964,Lilly Pulitzer Captiva Tunic Resort White XS,$6.49 ,$7.03 ,7/27/2020,20207,,,,,,,,,757
3,Goodwill Austin Hwy,A0967,Zara Woman Poplin Top Striped Tie Front S,$4.79 ,$5.19 ,6/4/2020,20206,,,,,,,,,810
,Goodwill Austin Hwy,A0968,Brandy Melville Gabriella Long Sleeve Black Romper OS,$6.49 ,$7.03 ,Unlisted,,,,,,,,,,
4,Goodwill Austin Hwy,A0970,Harley Davidson Unisex Museum T Shirt Black M,$2.99 ,$3.24 ,6/6/2020,20206,,,,,,,,,808
5,Goodwill Austin Hwy,A0971,Harley Davidson Women's Graphic T Shirt Black V Neck L,$4.79 ,$5.19 ,6/6/2020,20206,,,,,,,,,808
12-Nov,Goodwill Austin Hwy,A0975,Fame and Partners Rivera Polka Dot Long Sleeve Dress 6,$6.49 ,$7.03 ,6/8/2020,20206,,,,,,,,,806
12-Nov,Goodwill Austin Hwy,A0976,St. John Collection Silk Floral Sleeveless Dress 8,$6.49 ,$7.03 ,6/7/2020,20206,Poshmark,$48.00 ,$9.60 ,$0.00 ,$38.40 ,$31.37 ,5/21/2022,20225,713
12-Nov,Goodwill Austin Hwy,A0977,Badgley Mischka Collection LBD Black Color Block Sleeveless Dress 8,$6.49 ,$7.03 ,6/4/2020,20206,Poshmark,$54.00 ,$10.80 ,$1.72 ,$41.48 ,$34.45 ,5/20/2022,20225,715
10-Sep,Goodwill Cibolo,A0984,Nike Club Cropped Legging Capri Pink Black S,$4.79 ,$5.19 ,5/22/2020,20205,,,,,,,,,823
7,Goodwill Austin Hwy,A0987,Cable & Gauge Color Block Knit Top 3/4 Sleeve S,$4.79 ,$5.19 ,5/24/2020,20205,,,,,,,,,821
12,Goodwill NW Loop 410,A0988,Forever 21 Black Dress Sleeveless Velvet Stripe Ribbed Bodycon S,$6.49 ,$7.03 ,6/18/2022,20226,,,,,,,,,66
7,Facebook Marketplace,A0998,Japna Striped Floral Blouse Ruffle Racer Back Tank M,$0.85 ,$0.85 ,6/18/2020,20206,,,,,,,,,796
3,Goodwill Cibolo,B0043,Cabi Ginger Top 3070 Animal Print S,$4.79 ,$5.19 ,6/12/2020,20206,,,,,,,,,802
5,Goodwill Cibolo,B0045,Lilly Pulitzer Island Polo Green S,$4.79 ,$5.19 ,8/13/2020,20208,,,,,,,,,740
6,Goodwill N Loop 1604,B0048,Halogen Classic Blazer Graph Check 4,$3.25 ,$3.51 ,7/24/2020,20207,,,,,,,,,760
3,Garage Sale,B0051,Ann Taylor LOFT Floral Embellished Purple Cardigan Short Sleeve M,$2.00 ,$2.00 ,6/23/2020,20206,Poshmark,$23.00 ,$4.60 ,$0.00 ,$18.40 ,$16.40 ,3/30/2022,20223,645
4,Garage Sale,B0055,Chelsea & Violet Boho Chevron Blouse S,$1.00 ,$1.00 ,7/24/2020,20207,,,,,,,,,760
3,Garage Sale,B0056,Paper Crane Boho Racer Back Tank S,$1.00 ,$1.00 ,7/24/2020,20207,,,,,,,,,760
4,Garage Sale,B0057,Nine West Jeans Plaid Long Sleeve Tunic Top S,$1.00 ,$1.00 ,7/24/2020,20207,,,,,,,,,760
4,Garage Sale,B0063,Charlotte Russe Floral Kimono Duster Sleeveless M,$2.00 ,$2.00 ,7/18/2020,20207,,,,,,,,,766
10-Sep,Garage Sale,B0064,apana Floral Mesh High Waisted Capri Legging XS,$3.00 ,$3.00 ,7/9/2020,20207,,,,,,,,,775
12-Nov,Garage Sale,B0065,AEO Purple Long Sleeve Sweater Dress S,$3.00 ,$3.00 ,6/23/2020,20206,,,,,,,,,791
14,Goodwill Austin Hwy,B0066,Tory Burch Bag Large Travel Nylon Messenger Diaper Bag,$14.99 ,$16.23 ,6/28/2020,20206,,,,,,,,,786
6,Goodwill Austin Hwy,B0069,Madewell Striped Button Down S,$4.79 ,$5.19 ,7/27/2020,20207,Poshmark,$18.00 ,$3.60 ,$0.00 ,$14.40 ,$9.21 ,5/27/2022,20225,669
6,Goodwill Austin Hwy,B0070,Top Shop Animal Print Top Button Down 6,$4.79 ,$5.19 ,7/27/2020,20207,,,,,,,,,757
12,Goodwill Austin Hwy,B0071,Ann Taylor LOFT Maxi Dress 0,$6.49 ,$7.03 ,6/22/2022,20226,,,,,,,,,62
12-Nov,Goodwill Austin Hwy,B0073,Lulu's Multitask Queen Shift Dress XS,$6.49 ,$7.03 ,8/13/2020,20208,Poshmark,$21.25 ,$4.25 ,$0.00 ,$17.00 ,$9.97 ,3/20/2022,20223,584
5,Goodwill Austin Hwy,B0077,Isla Fitness Threads Seashell Tank S,$4.79 ,$5.19 ,8/13/2020,20208,,,,,,,,,740
2,Goodwill Cibolo,B0082,Umgee Pink Long Sleeve Wrap Top Blouse S,$2.40 ,$2.59 ,8/5/2020,20208,,,,,,,,,748
12-Nov,Goodwill NW Loop 410,B0084,Lumiere Tiered Hem Dress Houndstooth High Low L,$6.49 ,$7.03 ,7/17/2020,20207,,,,,,,,,767
3,Goodwill NW Loop 410,B0085,Monteau Floral Boho Bell Sleeve Blouse M,$4.79 ,$5.19 ,7/18/2020,20207,,,,,,,,,766
N/A,Goodwill Cibolo,B0089,DV Target Perforated Ankle Bootie Faux Suede Tan 6.5,$6.99 ,$7.57 ,8/17/2020,20208,,,,,,,,,736
,Goodwill N Loop 1604,B0100,White Birch Striped Blouse Long Sleeve Open Back M,$4.79 ,$5.19 ,8/3/2020,20208,,,,,,,,,750
2,Goodwill N Loop 1604,B0101,Lucky Brand Floral Short Sleeve Blouse Ruffle XS,$4.79 ,$5.19 ,8/5/2020,20208,,,,,,,,,748
6,Goodwill N Loop 1604,B0102,Know Your Worth Graphic T Shirt Burnout S,$2.99 ,$3.24 ,8/13/2020,20208,,,,,,,,,740
5,Goodwill N Loop 1604,B0104,41 Hawthorn Stitch Fix Floral Blouse M,$4.79 ,$5.19 ,8/6/2020,20208,,,,,,,,,747
12-Nov,Goodwill N Loop 1604,B0107,Topshop Peplum Scuba Dress Royal Blue 2,$6.49 ,$7.03 ,9/18/2020,20209,Poshmark,$30.00 ,$6.00 ,$0.00 ,$24.00 ,$16.97 ,6/20/2022,20226,640
,Goodwill N Loop 1604,B0108,Monteau Floral Dress Ruffle Cap Sleeve M,$6.49 ,$7.03 ,7/31/2020,20207,,,,,,,,,753
5,Goodwill N Loop 1604,B0109,Postage Stamp Anthro Blouse S,$4.79 ,$5.19 ,8/13/2020,20208,Poshmark,$25.00 ,$5.00 ,$0.00 ,$20.00 ,$14.81 ,6/5/2022,20226,661
6,Goodwill N Loop 1604,B0110,Fig and Flower Boho Gypsy Blouse S,$4.79 ,$5.19 ,8/6/2020,20208,,,,,,,,,747
WEARING,Goodwill N Loop 1604,B0114,Fabletics Black High Waist Legging 7/8,$4.79 ,$5.19 ,WEARING,,,,,,,,,,
6,Goodwill N Loop 1604,B0117,Free People Moonlight Mile Print Penny Georgette S,$4.79 ,$5.19 ,7/30/2020,20207,,,,,,,,,754
5,Texas Thrift Store,B0119,Lux LA Floral Boho Long Sleeve Blouse S,$1.99 ,$2.15 ,7/28/2020,20207,,,,,,,,,756
5,Texas Thrift Store,B0120,Pink Rose Floral Boho Tassel Tank M,$1.49 ,$1.61 ,7/28/2020,20207,,,,,,,,,756
10-Sep,Texas Thrift Store,B0121,Zella High Waist Legging Cut Out Ankle XS,$4.98 ,$5.39 ,8/18/2020,20208,,,,,,,,,735
6,Texas Thrift Store,B0125,AEO Floral Crop Boho Blouse M,$4.98 ,$5.39 ,8/2/2020,20208,,,,,,,,,751
5,Texas Thrift Store,B0126,Cupcakes and Cashmere Anthro Jantel Floral Blouse Bell Sleeve Boho S,$4.98 ,$5.39 ,8/12/2020,20208,,,,,,,,,741
2,Texas Thrift Store,B0128,Lucky Brand Popover Blouse S,$4.98 ,$5.39 ,8/13/2020,20208,,,,,,,,,740
5,Texas Thrift Store,B0133,Skies Are Blue Stitch Fix Long Sleeve Blouse M,$3.49 ,$3.77 ,7/28/2020,20207,,,,,,,,,756
5,Texas Thrift Store,B0136,Kut from the Kloth Floral Button Down Sheer S,$3.49 ,$3.77 ,8/13/2020,20208,,,,,,,,,740
7,Texas Thrift Store,B0138,The Limited Striped Tank Blouse M,$2.09 ,$2.26 ,8/8/2020,20208,,,,,,,,,745
6,Texas Thrift Store,B0139,Meraki Animal Print Blouse S,$4.19 ,$4.53 ,7/29/2020,20207,,,,,,,,,755
,Texas Thrift Store,B0140,Spiritual Gangster Maya Floral Kimono Robe OS,$4.98 ,$5.39 ,Donated,,Donated,,,,,,5/23/2022,20225,
6,Texas Thrift Store,B0141,Kut from the Kloth Floral Button Down Sheer M,$4.98 ,$5.39 ,7/29/2020,20207,,,,,,,,,755
5,Texas Thrift Store,B0142,Ann Taylor LOFT Striped Tank XS,$3.98 ,$4.31 ,8/8/2020,20208,,,,,,,,,745
2,Texas Thrift Store,B0143,Umgee Patchwork Boho Floral Blouse S,$6.98 ,$7.56 ,7/29/2020,20207,,,,,,,,,755
7,Texas Thrift Store,B0144,Cabi Purple Eva Peplum Blouse 731 M,$4.98 ,$5.39 ,7/29/2020,20207,,,,,,,,,755
6,Texas Thrift Store,B0146,Zara Basic Peplum Bell Sleeve Polka Dot Top XS,$4.98 ,$5.39 ,7/30/2020,20207,Poshmark,$18.00 ,$3.60 ,$0.00 ,$14.40 ,$9.01 ,7/30/2022,20227,730
7,Texas Thrift Store,B0147,Cabi Flaunt Wrap Blouse 3077 M,$4.98 ,$5.39 ,7/30/2020,20207,Poshmark,$28.00 ,$5.60 ,$0.00 ,$22.40 ,$17.01 ,7/22/2022,20227,722
10-Sep,Texas Thrift Store,B0148,Alo Yoga Space Dye Teal Air Brush Capri Crop Legging,$4.98 ,$5.39 ,8/18/2020,20208,,,,,,,,,735
7,Texas Thrift Store,B0149,Zara Woman White Bell Sleeve Blouse M,$5.98 ,$6.47 ,8/13/2020,20208,,,,,,,,,740
5,Texas Thrift Store,B0150,Cloth & Stone Anthropologie Split Back Fray Chambray Top M,$4.98 ,$5.39 ,8/10/2020,20208,,,,,,,,,743
5,Texas Thrift Store,B0151,Meraki Floral Boho Blouse S,$3.98 ,$4.31 ,8/13/2020,20208,,,,,,,,,740
5,Texas Thrift Store,B0152,Meraki Floral Kimono Cardigan M,$5.98 ,$6.47 ,8/13/2020,20208,,,,,,,,,740
5,Texas Thrift Store,B0155,Pleione NWT Surplice Roll Sleeve High/Low Blouse S,$3.98 ,$4.31 ,8/12/2020,20208,,,,,,,,,741
N/A,Goodwill Austin Hwy,B0156,Lucky Brand Suede Leather Moccasins Loafers 7.5,$6.99 ,$7.57 ,8/17/2020,20208,,,,,,,,,736
12-Nov,Goodwill Austin Hwy,B0159,Anthropologie Pins & Needles Polka Dot Floral Dress S,$7.99 ,$8.65 ,8/10/2020,20208,Poshmark,$32.00 ,$6.40 ,$0.00 ,$25.60 ,$16.95 ,5/19/2022,20225,647
Hanging,Goodwill Austin Hwy,B0164,Elie Tahari NWT Anetta Jacket Blazer Lovely in Pink Small,$7.99 ,$8.65 ,8/12/2020,20208,,,,,,,,,741
14,Goodwill N Loop 1604,B0170,Betsey Johnson Floral Crossbody Purse,$5.00 ,$5.41 ,8/17/2020,20208,,,,,,,,,736
6,Goodwill N Loop 1604,B0172,AEO Semi Sheer Floral Blouse S,$2.40 ,$2.60 ,9/18/2020,20209,,,,,,,,,704
10-Sep,Goodwill Cibolo,B0174,Zumba Legging Ruched L,$4.79 ,$5.19 ,8/18/2020,20208,,,,,,,,,735
13,Goodwill Cibolo,B0177,Almost Famous Shortall Distressed Overall Shorts 1,$7.99 ,$8.65 ,8/18/2020,20208,,,,,,,,,735
6,Goodwill Cibolo,B0182,Express Black Open Back Top XS,$4.79 ,$5.19 ,9/18/2020,20209,,,,,,,,,704
12-Nov,Goodwill Cibolo,B0184,Karl Lagerfeld White Sleeveless Dot Sheath Dress 6,$6.50 ,$7.04 ,9/18/2020,20209,,,,,,,,,704
7,Goodwill Cibolo,B0186,Umbro Coral Pink Logo Hoodie S,$2.40 ,$2.60 ,9/18/2020,20209,,,,,,,,,704
6,Goodwill Cibolo,B0189,Lily White NWT Sheer Lace Floral Blouse XL,$2.40 ,$2.60 ,8/18/2020,20208,,,,,,,,,735
N/A,Goodwill Bins S ATX,B0191,Dolce Vita Payce Demi Wedge Slide Sandal 7,$1.17 ,$1.27 ,9/29/2020,20209,,,,,,,,,693
N/A,Goodwill Bins S ATX,B0193,Lucky Brand Emmie Metallic Bronze Flats 7.5,$1.17 ,$1.27 ,9/29/2020,20209,,,,,,,,,693
N/A,Goodwill Bins S ATX,B0194,American Rag Audrey Suede Platform Wedge 7,$1.17 ,$1.27 ,9/29/2020,20209,,,,,,,,,693
N/A,Goodwill Bins S ATX,B0205,Kids Crocs Navy Clogs 6,$1.17 ,$1.27 ,10/17/2021,202110,,,,,,,,,310
N/A,Goodwill Bins S ATX,B0206,Kids Crocs Red Perforated Slip On 6,$1.17 ,$1.27 ,10/17/2021,202110,,,,,,,,,310
N/A,Goodwill Bins S ATX,B0207,Kids Crocs Red Perforated Slip On 6,$1.17 ,$1.27 ,10/17/2021,202110,Poshmark,$17.00 ,$3.40 ,$0.00 ,$13.60 ,$12.33 ,3/27/2022,20223,161
14,Goodwill Bins S ATX,B0209,Ann Taylor LOFT Size 4 Black Pencil Skirt,$1.17 ,$1.27 ,10/17/2021,,Poshmark,$20.00 ,$4.00 ,$0.00 ,$16.00 ,$14.73 ,3/14/2022,20223,148
12-Nov,Goodwill Bins S ATX,B0210,BCBGMaxAzria Dress 02,$1.17 ,$1.27 ,8/27/2020,,,,,,,,,,726
14,Goodwill Bins S ATX,B0211,Banana Republic Stretch Pencil Skirt 6,$1.17 ,$1.27 ,10/17/2021,,,,,,,,,,310
5,Goodwill Bins S ATX,B0212,Ann Taylor Green Blouse M,$1.17 ,$1.27 ,7/8/2021,,Poshmark,$10.00 ,$2.95 ,$0.00 ,$7.05 ,$5.78 ,1/2/2022,20221,178
2,Goodwill Bins S ATX,B0213,Lucky Brand Floral Button Down Semi Sheer m,$1.17 ,$1.27 ,3/26/2021,,,,,,,,,,515
12-Nov,Goodwill Bins S ATX,B0221,Billabong Dress S,$1.17 ,$1.27 ,12/11/2020,202012,Poshmark,$23.00 ,$4.60 ,$0.00 ,$18.40 ,$17.13 ,4/12/2022,20224,487
12-Nov,Goodwill Bins S ATX,B0222,Altar'd State Purple Shirt Dress Tunic S,$1.17 ,$1.27 ,9/18/2020,20209,,,,,,,,,704
7,Goodwill Bins S ATX,B0223,Topshop Pink Blouse 6,$1.17 ,$1.27 ,9/18/2020,20209,,,,,,,,,704
6,Goodwill Bins S ATX,B0228,Pretty Fit Graphic Bulk Gear Crop T M,$1.17 ,$1.27 ,10/26/2020,202010,,,,,,,,,666
4,Goodwill Bins S ATX,B0229,Eileen Fisher Long Sleeve Top XS,$1.17 ,$1.27 ,12/11/2020,202012,Poshmark,$24.00 ,$4.80 ,$0.00 ,$19.20 ,$17.93 ,4/25/2022,20224,500
7,Goodwill Bins S ATX,B0231,Banana Republic Long Cardigan Tunic XS,$1.17 ,$1.27 ,12/23/2020,202012,Poshmark,$28.00 ,$5.60 ,$0.00 ,$22.40 ,$21.13 ,3/24/2022,20223,456
6,Goodwill Bins S ATX,B0235,GAP Boho Blouse XS,$1.17 ,$1.27 ,10/26/2020,202010,,,,,,,,,666
6,Goodwill Bins S ATX,B0236,Nordstrom Treasure & Bond Men's Distressed T Shirt L,$1.17 ,$1.27 ,9/18/2020,20209,,,,,,,,,704
12-Nov,Goodwill Bins S ATX,B0238,Old Navy XXL Plus Size Striped Swing Dress,$1.17 ,$1.27 ,12/11/2020,202012,,,,,,,,,620
5,Goodwill Bins S ATX,B0239,Banana Republic Striped Cardigan S,$1.17 ,$1.27 ,12/11/2020,,,,,,,,,,620
,Goodwill Bins S ATX,B0240,Levi's Extra High Waist Mom Jeans Cut off Distress Shorts ,$1.17 ,$1.27 ,Repairing,,,,,,,,,,
3,Goodwill Bins S ATX,B0242,Madewell Bedtime Pajama Shirt Ivory Rainbow Stripe M,$1.17 ,$1.27 ,12/11/2020,,,,,,,,,,620
13,Goodwill Bins S ATX,B0244,Pilcro and the Letterpress Anthro Slim Boyfriend Cuff Shorts 25,$0.00 ,$0.00 ,3/14/2021,20213,,,,,,,,,527
N/A,Nordstrom Rack,B0250,Soludos Alma Espadrille Mule Marigold 8.5 NWT,$8.74 ,$9.46 ,8/20/2020,20208,Poshmark,$32.00 ,$6.40 ,$1.72 ,$23.88 ,$14.42 ,6/28/2022,20226,677
N/A,Nordstrom Rack,B0251,Free People Ref Cherokee Moccasin 36 / 6 NWT,$14.99 ,$16.23 ,8/20/2020,20208,,,,,,,,,733
N/A,Nordstrom Rack,B0252,Free People Ref Cherokee Moccasin 38 / 8 NWT,$14.99 ,$16.23 ,8/20/2020,20208,,,,,,,,,733
N/A,Nordstrom Rack,B0254,Soludos Pride Smoking Slipper Espadrille 6 NWT,$7.87 ,$8.52 ,8/20/2020,20208,,,,,,,,,733
N/A,Nordstrom Rack,B0255,Soludos Pride Smoking Slipper Espadrille 7 NWT,$7.87 ,$8.52 ,8/20/2020,20208,,,,,,,,,733
N/A,Nordstrom Rack,B0258,Sorel Ella Slingback Waterproof Sandal Metallic 6 NWT,$9.62 ,$10.41 ,8/20/2020,20208,,,,,,,,,733
N/A,Nordstrom Rack,B0259,Eileen Fisher Wallis Wedge Espadrille 6 NWT,$17.49 ,$18.93 ,8/20/2020,20208,Poshmark,$70.00 ,$14.00 ,$0.00 ,$56.00 ,$37.07 ,8/20/2022,20228,730
6,Thrift City,B0272,Lucky Brand Dot Circle Racer Back Tank S,$4.00 ,$4.00 ,12/11/2020,202012,,,,,,,,,620
4,Thrift City,B0274,LRL Green Label Black and Gold Stripe Sweater L,$5.00 ,$5.00 ,12/11/2020,202012,,,,,,,,,620
10-Sep,Thrift City,B0276,COH Ava Low Rise Straight Leg 24,$7.39 ,$8.39 ,3/14/2021,20213,,,,,,,,,527
7,Thrift City,B0280,J. Crew Sequin Stripe Tank NWT S,$5.00 ,$5.00 ,12/11/2020,202012,,,,,,,,,620
2,Thrift City,B0281,Lucky Brand Racer Back Tank S,$3.00 ,$3.00 ,9/18/2020,20209,Poshmark,$21.25 ,$4.25 ,$0.00 ,$17.00 ,$14.01 ,3/20/2022,20223,548
3,Thrift City,B0282,Cabi Sweet Talk Red Striped Peplum Top 3631 S,$4.00 ,$4.00 ,9/18/2020,20209,,,,,,,,,704
6,Thrift City,B0284,Gypsies & Moondust Floral Hoodie M,$1.50 ,$1.50 ,9/18/2020,20209,Poshmark,$17.50 ,$3.50 ,$1.34 ,$12.66 ,$11.17 ,3/13/2022,20223,541
6,Thrift City,B0285,Talbots Striped tres chic embroidered Top SP,$4.00 ,$4.00 ,12/11/2020,,Poshmark,$13.00 ,$2.95 ,$0.00 ,$10.05 ,$6.06 ,5/8/2022,20225,513
6,Thrift City,B0288,J. Crew Collector Tees Frenchie Graphic T NWOT XS,$4.00 ,$4.00 ,9/18/2020,20209,Poshmark,$27.00 ,$5.40 ,$0.00 ,$21.60 ,$17.61 ,5/27/2022,20225,616
6,Thrift City,B0289,J. Crew Paisley Sleeveless Blouse NWOT 8,$4.00 ,$4.00 ,9/18/2020,20209,Poshmark,$25.00 ,$5.00 ,$0.00 ,$20.00 ,$16.01 ,2/4/2022,20222,504
3,Thrift City,B0290,Alya Franchesca's Collections Tunic Fringe Blouse L,$1.50 ,$1.50 ,12/11/2020,202012,,,,,,,,,620
6,Thrift City,B0291,J. Crew NWT Charcoal Sequin Cardigan S,$5.00 ,$5.00 ,10/26/2020,202010,,,,,,,,,666
6,Thrift City,B0292,J. Crew Beige Sequin Cardigan S,$4.00 ,$4.00 ,9/18/2020,20209,,,,,,,,,704
6,Thrift City,B0293,Halogen Sleeveless Blouse Ruffle Neckline L,$4.00 ,$4.00 ,9/18/2020,20209,,,,,,,,,704
6,Texas Thrift Store,B0294,Eden & Olivia Floral Blouse L,$3.49 ,$3.49 ,12/23/2020,202012,,,,,,,,,608
2,Texas Thrift Store,B0295,Lucky Brand Floral Long Sleeve Blouse Semi Sheer M,$4.89 ,$4.89 ,12/11/2020,202012,,,,,,,,,620
6,Texas Thrift Store,B0296,Eden & Olivia Floral Blouse XL,$2.79 ,$2.79 ,12/23/2020,202012,Poshmark,$19.00 ,$3.80 ,$0.00 ,$15.20 ,$12.41 ,6/2/2022,20226,526
6,Texas Thrift Store,B0297,BCBGMaxazria Long Sleeve Button Down Blouse PXL,$2.09 ,$2.09 ,12/23/2020,202012,,,,,,,,,608
3,Texas Thrift Store,B0298,Love Riche Long Bell Sleeve Avery Wine Color Blouse NWT L,$2.99 ,$2.99 ,3/26/2021,20213,,,,,,,,,515
6,Texas Thrift Store,B0299,LRL Green Label Ruffle Floral Blouse PM,$2.49 ,$2.49 ,10/26/2020,202010,,,,,,,,,666
6,Texas Thrift Store,B0300,Ann Taylor Green Dot Blouse M,$2.49 ,$2.49 ,10/26/2020,202010,Poshmark,$20.00 ,$4.00 ,$0.00 ,$16.00 ,$13.51 ,5/17/2022,20225,568
3,Texas Thrift Store,B0301,Blu Pepper Vintage Embroidered Bell Sleeve Boho Blouse M,$2.49 ,$2.49 ,3/26/2021,20213,,,,,,,,,515
7,Texas Thrift Store,B0302,Eden & Olivia Floral Semi Sheer Blouse M,$2.49 ,$2.49 ,12/23/2020,202012,,,,,,,,,608
7,Texas Thrift Store,B0303,Umgee Green Boho Lace Blouse,$1.99 ,$1.99 ,12/23/2020,202012,,,,,,,,,608
6,Texas Thrift Store,B0304,The Limited Bow Blouse L,$3.49 ,$3.49 ,12/23/2020,202012,,,,,,,,,608
3,Texas Thrift Store,B0305,Altar'd State Boho Embroidered Long Sleeve Blouse L,$2.49 ,$2.49 ,3/26/2021,20213,,,,,,,,,515
7,Texas Thrift Store,B0307,Meraki Paisley Boho Blouse M,$1.99 ,$1.99 ,12/23/2020,202012,Poshmark,$24.00 ,$4.80 ,$1.28 ,$17.92 ,$15.93 ,4/28/2022,20224,491
6,Texas Thrift Store,B0308,Ann Taylor Black Sleeveless Ruffle Tank M,$2.09 ,$2.09 ,12/23/2020,202012,Poshmark,$15.00 ,$3.00 ,$0.00 ,$12.00 ,$9.91 ,1/2/2022,20221,375
3,Texas Thrift Store,B0310,RO&DE Embroidered Tunic Blouse L,$3.49 ,$3.49 ,3/26/2021,20213,,,,,,,,,515
5,Texas Thrift Store,B0311,Lush Ruffle Blouse Tank Black L,$2.09 ,$2.09 ,12/11/2020,202012,,,,,,,,,620
6,Texas Thrift Store,B0313,LRL Green Label Silk Paisley Blouse PL,$3.49 ,$3.49 ,12/23/2020,202012,,,,,,,,,608
N/A,Texas Thrift Store,B0318,Seychelles Topaz Suede Wedge 7,$4.19 ,$4.19 ,9/29/2020,20209,Poshmark,$32.00 ,$6.40 ,$0.00 ,$25.60 ,$21.41 ,6/27/2022,20226,636
n/a,Texas Thrift Store,B0319,Altar'd State Beaded Sandal 6,$3.49 ,$3.49 ,9/29/2020,20209,Poshmark,$20.00 ,$4.00 ,$0.00 ,$16.00 ,$12.51 ,8/1/2022,20228,671
N/A,Texas Thrift Store,B0322,Lucky Brand Mindra Wedge 9,$3.49 ,$3.49 ,9/29/2020,20209,Poshmark,$28.00 ,$5.60 ,$0.00 ,$22.40 ,$18.91 ,2/25/2022,20222,514
7,Goodwill Derby KS,B0325,LC Lauren Conrad Bow Print Top S,$3.99 ,$4.31 ,12/11/2020,202012,,,,,,,,,620
10-Sep,Goodwill Derby KS,B0327,Kut from the Kloth Lauren Crop Straight Leg Jeans 2,$3.99 ,$4.31 ,3/17/2021,20213,,,,,,,,,524
7,Goodwill Derby KS,B0330,Ann Taylor LOFT Animal Leopard Print Top L Petite,$3.99 ,$4.31 ,12/23/2020,202012,Poshmark,$21.00 ,$4.20 ,$2.46 ,$14.34 ,$10.03 ,1/31/2022,20221,404
3,Goodwill Derby KS,B0331,Ann Taylor LOFT Ruffle Front Top M Petite,$2.99 ,$3.23 ,12/23/2020,202012,,,,,,,,,608
4,Goodwill Derby KS,B0332,Hollister Racer Back Tank Boho S,$2.99 ,$3.23 ,12/23/2020,202012,,,,,,,,,608
7,Goodwill Derby KS,B0333,Maurice's NWT Boho Tunic Top S,$2.99 ,$3.23 ,12/23/2020,202012,,,,,,,,,608
N/A,Goodwill Cibolo,B0336,You're the Best Procelian Mug,$1.09 ,$1.18 ,3/14/2021,20213,,,,,,,,,527
7,Goodwill Cibolo,B0337,Adrianna Papell Striped Blouse 1X,$5.00 ,$5.41 ,12/23/2020,202012,,,,,,,,,608
,Goodwill Cibolo,B0339,GAP The Modern Tee Wide Neck Top M,$4.79 ,$5.19 ,Donated,,Donated,,,,,,5/23/2022,20225,
12-Nov,Garage Sale,B0342,Max Studio Lace Dress S,$1.00 ,$1.00 ,12/23/2020,202012,Poshmark,$23.00 ,$4.60 ,$0.00 ,$18.40 ,$17.40 ,5/13/2022,20225,506
5,Garage Sale,B0343,Sheer Lace Top,$1.00 ,$1.00 ,12/23/2020,202012,,,,,,,,,608
7,Garage Sale,B0344,Gimmicks BKE lace boho top XS,$1.00 ,$1.00 ,12/23/2020,202012,,,,,,,,,608
12-Nov,Goodwill Cibolo,B0348,BCBGMaxAzria NWT Black Sequin Swing Mini Dress 02,$12.99 ,$14.06 ,12/23/2020,202012,,,,,,,,,608
7,Goodwill Cibolo,B0350,Umgee Red Blouse Cold Shoulder Lace Plus Size1XL,$4.79 ,$5.19 ,12/23/2020,202012,Poshmark,$14.00 ,$2.95 ,$1.72 ,$9.33 ,$4.14 ,5/17/2022,20225,510
12-Nov,Goodwill Cibolo,B0352,Band of Gypsies Strapless Boho Dress S,$4.00 ,$4.33 ,12/23/2020,202012,,,,,,,,,608
6,Goodwill Cibolo,B0353,Umgee Open Back Geometric Print Blouse Semi Sheer L,$4.79 ,$5.19 ,12/23/2020,202012,Poshmark,$15.00 ,$3.00 ,$0.00 ,$12.00 ,$6.81 ,5/23/2022,20225,516
2,Goodwill Cibolo,B0355,Umgee Chevron Rainbow Geometric Blouse Plus Size 1XL,$4.79 ,$5.19 ,12/23/2020,202012,,,,,,,,,608
6,Goodwill Cibolo,B0356,Fig and Flower Anthro Paisley Semi-Sheer Boho Blouse S,$4.79 ,$5.19 ,10/14/2021,202110,,,,,,,,,313
4,Goodwill Cibolo,B0357,entro boho Bell Sleeve Long Sleeve Strappy Blouse L,$4.79 ,$5.19 ,3/26/2021,20213,,,,,,,,,515
6,Goodwill Cibolo,B0358,Lucky Brand White Scoop Neck Henley Thermal Lace L,$4.79 ,$5.19 ,12/23/2020,202012,,,,,,,,,608
3,Goodwill Cibolo,B0359,Umgee Kimono Wrap Embroidered S/M,$4.79 ,$5.19 ,3/27/2021,20213,,,,,,,,,514
3,Goodwill Cibolo,B0361,Express Split Back Tank White Black S,$4.00 ,$4.33 ,3/27/2021,20213,,,,,,,,,514
12-Nov,Goodwill Cibolo,B0362,nanette lepore Orange Bingo Midi Dress Floral 4,$7.99 ,$8.65 ,12/23/2020,202012,,,,,,,,,608
N/A,Goodwill Cibolo,B0363,Coach Haven Stacked Heel Studded Ankle Bootie 7.5,$14.99 ,$16.23 ,10/17/2021,202110,Poshmark,$35.00 ,$7.00 ,$0.00 ,$28.00 ,$11.77 ,2/5/2022,20222,111
N/A,Goodwill Cibolo,B0364,Sam Edelman Gael Strappy Leather Sandal 6.5,$3.99 ,$4.32 ,10/17/2021,202110,,,,,,,,,310
N/A,Goodwill Cibolo,B0365,Torrid Maroon Suede Loafer Flat Shoe Size Unknown,$6.99 ,$7.57 ,10/17/2021,202110,,,,,,,,,310
N/A,Goodwill N Loop 1604,B0366,Lucky Brand Candy Cork Platform Wedges 6.5,$6.99 ,$7.57 ,10/17/2021,202110,,,,,,,,,310
N/A,Goodwill N Loop 1604,B0367,Lucky Brand Pickla Stacked Heel Suede Bootie 8.5,$9.99 ,$10.81 ,10/17/2021,202110,Poshmark,$28.00 ,$5.60 ,$0.00 ,$22.40 ,$11.59 ,3/29/2022,20223,163
6,Goodwill N Loop 1604,B0368,Sparrow Anthro Wool Cashmere Cardigan Duster M,$4.79 ,$5.19 ,12/23/2020,202012,Poshmark,$37.00 ,$7.40 ,$0.00 ,$29.60 ,$24.41 ,1/8/2022,20221,381
,Goodwill N Loop 1604,B0370,Madewell Tulip Sleeve Floral Velvet Ruffle Top XS,$4.79 ,$5.19 ,12/23/2020,202012,,,,,,,,,608
2,Goodwill N Loop 1604,B0372,Lucky Brand Sleeveless Boho Top Snap Front XL,$4.79 ,$5.19 ,12/23/2020,202012,Poshmark,$20.00 ,$4.00 ,$0.00 ,$16.00 ,$10.81 ,4/6/2022,20224,469
12-Nov,Goodwill N Loop 1604,B0374,Vintage nanette lepore Little Black Bodycon Dress 4,$4.00 ,$4.33 ,12/23/2020,202012,,,,,,,,,608
12-Nov,Goodwill N Loop 1604,B0375,Vintage nanette lepore Black Fit & Flare Dress 4,$7.99 ,$8.65 ,12/23/2020,202012,,,,,,,,,608
3,Goodwill N Loop 1604,B0376,Altar'd State Boho Embroidered Blouse M,$7.99 ,$8.65 ,3/27/2021,20213,,,,,,,,,514
6,Goodwill N Loop 1604,B0377,Umgee Mint Green Semi Sheer Blouse M,$7.99 ,$8.65 ,12/23/2020,202012,,,,,,,,,608
12-Nov,Goodwill N Loop 1604,B0378,ZARA Trafaluc Floral Geometric Dress S,$7.99 ,$8.65 ,12/23/2020,202012,,,,,,,,,608
12-Nov,Goodwill N Loop 1604,B0379,NWT Altar'd State Black Dress Lace Back M,$7.99 ,$8.65 ,12/23/2020,202012,,,,,,,,,608
WEARING,Clothes Mentor Selma,B0380,Express Black Knit Dolman Sleeve Cardigan S,$14.00 ,$15.16 ,Wearing,,,,,,,,,,
,Clothes Mentor Selma,B0381,Market & Spruce Blue Black Horizontal Stripe Sweater 3/4 Sleeve M,$1.10 ,$1.19 ,Unlisted,,,,,,,,,,
,Clothes Mentor Selma,B0382,Maude Geometric Print & Cut Out Short Sleeve Top ,$8.00 ,$8.66 ,Donated,,Donated,,,,,,5/23/2022,20225,
Wearing,Clothes Mentor Selma,B0383,Maeve Floral Button Down Short Sleeve 0,$10.00 ,$10.83 ,Wearing,,,,,,,,,,
,Clothes Mentor Selma,B0384,Charming Charlie Eye Shadow Floral Sheer Kimono M,$7.00 ,$7.58 ,Donated,,Donated,,,,,,5/23/2022,20225,
Wearing,Clothes Mentor Selma,B0385,Joe's Jeans Curson Skinny Ankle Jeans Raw Hem Split Ankle 27,$18.00 ,$19.49 ,Wearing,,,,,,,,,,
,Clothes Mentor Selma,B0386,&Denim Low Waist Black Jeggings 29/32,$1.10 ,$1.19 ,,,,,,,,,,,
Wearing,Clothes Mentor Selma,B0387,Nike Grey Capri Joggers S,$11.00 ,$11.91 ,Wearing,,,,,,,,,,
,Clothes Mentor Selma,B0388,American Eagle Soft & Sexy Tank Grey Floral Embroidered XS,$0.70 ,$0.76 ,Donated,,Donated,,,,,,5/23/2022,20225,
,Clothes Mentor Selma,B0389,Heart & Hips Black and White Horizontal Striped Romper S,$1.60 ,$1.73 ,Donated,,Donated,,,,,,5/23/2022,20225,
Wearing,Clothes Mentor Selma,B0390,Gap Long Sleeve Floral Dress Elastic Waist S,$1.60 ,$1.73 ,Wearing,,,,,,,,,,
,Clothes Mentor Selma,B0391,miami Francesca's Green Leopard Print Split Back Tank S,$0.70 ,$0.76 ,Unlisted,,,,,,,,,,
,Clothes Mentor Selma,B0392,Cotton On Grey Spaghetti Strap Dress M,$1.00 ,$1.08 ,Donated,,Donated,,,,,,5/23/2022,20225,
Wearing,Clothes Mentor Selma,B0393,Almost Famous Knit Sweater Rainbow Heart S,$8.00 ,$8.66 ,Wearing,,,,,,,,,,
N/A,Clothes Mentor Selma,B0394,Crocs Eve Plum Purple Pointed Toe Rubber Ballet Flat 6,$1.50 ,$1.62 ,10/17/2021,202110,,,,,,,,,310
10-Sep,Clothes Mentor Selma,B0395,Madewell Skargorn Skinny Jeans Dark Wash 25,$2.00 ,$2.17 ,3/14/2021,20213,,,,,,,,,527
4,Clothes Mentor Selma,B0396,Vince Waffle Stitch Sleeveless Tunic S,$1.10 ,$1.19 ,2/22/2021,20212,,,,,,,,,547
3,Clothes Mentor Selma,B0397,Express Neon Yellow Stripe Tank XS,$0.70 ,$0.76 ,2/22/2021,20212,,,,,,,,,547
12-Nov,Clothes Mentor Selma,B0400,Umgee Green Long Sleeve Tiered Dress S,$1.50 ,$1.62 ,2/27/2021,20212,,,,,,,,,542
4,Clothes Mentor Selma,B0402,Anthro Little Yellow Button Winding Road Top M,$1.00 ,$1.08 ,2/25/2021,20212,,,,,,,,,544
4,Clothes Mentor Selma,B0403,Rock & Republic Distressed Black Semi Sheer T S,$1.00 ,$1.08 ,2/20/2021,20212,,,,,,,,,549
4,Clothes Mentor Selma,B0404,Lou & Grey LOFT Striped Faux Tie Front Top S,$10.00 ,$10.83 ,2/26/2021,20212,,,,,,,,,543
2,Clothes Mentor Selma,B0406,Lucky Brand Striped Button Down Tie Tank M,$1.30 ,$1.41 ,2/24/2021,20212,Poshmark,$13.33 ,$2.67 ,$0.00 ,$10.66 ,$9.25 ,7/29/2022,20227,520
4,Clothes Mentor Selma,B0408,We The Free People Rockabilly Raglan Thermal Top XS,$1.40 ,$1.52 ,2/20/2021,20212,,,,,,,,,549
4,Clothes Mentor Selma,B0409,NWT Annabella Francesca's Collections Peplum Tie Top S,$1.00 ,$1.08 ,2/20/2021,20212,,,,,,,,,549
5,Clothes Mentor Selma,B0410,miami Striped Rainbow Button Down Tie Top XS,$0.90 ,$0.97 ,2/20/2021,20212,,,,,,,,,549
4,Clothes Mentor Selma,B0412,BKE Gimmicks Fringe Beaded Tank S,$1.10 ,$1.19 ,2/25/2021,20212,Poshmark,$15.00 ,$3.00 ,$0.00 ,$12.00 ,$10.81 ,6/12/2022,20226,472
12-Nov,Clothes Mentor Selma,B0413,Madewell Texture & Thread Tiered Sleeve Red Dress XXS,$1.90 ,$2.06 ,2/23/2021,20212,,,,,,,,,546
3,Clothes Mentor Selma,B0414,Sanctuary Boho Aztec Semi Sheer Long Sleeve Top XS,$1.00 ,$1.08 ,2/23/2021,20212,,,,,,,,,546
14,Clothes Mentor Selma,B0416,miami Romper Long Sleeve Embroidered S,$1.40 ,$1.52 ,2/26/2021,20212,,,,,,,,,543
12-Nov,Clothes Mentor Selma,B0417,Open Back Printed 3/4 Sleeve Shift Dress,$1.20 ,$1.30 ,2/27/2021,20212,,,,,,,,,542
4,Clothes Mentor Selma,B0418,J. Jill Geometric Long Sleeve Blouse M,$1.40 ,$1.52 ,2/27/2021,20212,,,,,,,,,542
2,Clothes Mentor Selma,B0419,Umgee Floral Tunic Top M,$1.10 ,$1.19 ,2/24/2021,20212,Poshmark,$18.00 ,$3.60 ,$0.00 ,$14.40 ,$13.21 ,4/18/2022,20224,418
12-Nov,Clothes Mentor Selma,B0422,Umgee NWT Color Block Lace Long Sleeve Dress L,$1.60 ,$1.73 ,2/24/2021,20212,,,,,,,,,545
3,Clothes Mentor Selma,B0424,Cabi 3057 Tank Tank Floral Cowl Neck S,$0.90 ,$0.97 ,2/21/2021,20212,Poshmark,$26.00 ,$5.20 ,$2.46 ,$18.34 ,$17.37 ,1/12/2022,20221,325
12-Nov,Clothes Mentor Selma,B0425,Skies are Blue Aztec Boho Embroidered Lace Dress SP,$1.60 ,$1.73 ,2/21/2021,20212,,,,,,,,,548
3,Clothes Mentor Selma,B0426,Anthropologie Cosette Top Floral Cut Out Yellow Lined S,$1.10 ,$1.19 ,2/21/2021,20212,Poshmark,$21.00 ,$4.20 ,$1.72 ,$15.08 ,$13.89 ,4/10/2022,20224,413
2,Clothes Mentor Selma,B0427,Entro Lace Boho Tank S,$1.00 ,$1.08 ,6/24/2022,20226,,,,,,,,,60
4,Clothes Mentor Selma,B0429,Red Camel Boho Paisley Print Top S,$0.50 ,$0.54 ,2/23/2021,20212,,,,,,,,,546
N/A,Printful,B0433,I'm Speaking VP Kamala Harris Ceramic Mug 15oz,$6.61 ,$6.61 ,3/15/2021,20213,,,,,,,,,526
3,Closet,B0434,Express Sequin Black Tee V Neck S,$0.00 ,$0.00 ,4/2/2021,20214,,,,,,,,,508
3,Closet,B0435,Sweet Rain Color Block Scoop Neck Tee M,$0.00 ,$0.00 ,4/2/2021,20214,,,,,,,,,508
4,Goodwill N Loop 1604,B0438,Areve Anthropologie Boho Hippie Dress M,$7.99 ,$8.65 ,7/12/2021,20217,,,,,,,,,407
7,Goodwill N Loop 1604,B0439,Threads 4 Thought Anthro Sleeveless Tunic Top Sheer Back XS,$4.79 ,$5.19 ,7/7/2021,20217,,,,,,,,,412
12-Nov,Goodwill N Loop 1604,B0440,Lush Maxi Lace Swim Cover Up Dress Short Sleeve M,$7.99 ,$8.65 ,4/4/2021,20214,,,,,,,,,506
3,Goodwill N Loop 1604,B0441,mine Semi-Sheer Racer Back Top S,$4.79 ,$5.19 ,4/5/2021,20214,,,,,,,,,505
12-Nov,Goodwill N Loop 1604,B0442,Emmelee Francesca's NWT Lace Sleeveless Dress S,$7.99 ,$8.65 ,7/7/2021,20217,,,,,,,,,412
WEARING,Goodwill N Loop 1604,B0444,Forever21 Cropped Sweatshirt Grey L,$4.79 ,$5.19 ,WEARING,,,,,,,,,,
4,Goodwill N Loop 1604,B0445,Nanette Lepore Blush Pink Champagne Lace Peplum Top M,$4.79 ,$5.19 ,3/30/2021,20213,,,,,,,,,511
5,Goodwill N Loop 1604,B0447,Athleta Racer Back Tank Neon Orange M,$4.79 ,$5.19 ,7/7/2021,20217,Poshmark,$14.00 ,$2.95 ,$0.00 ,$11.05 ,$5.86 ,3/6/2022,20223,242
WEARING,Goodwill N Loop 1604,B0448,AEO Ruffle Button Down Tank M,$4.79 ,$5.19 ,WEARING,,,,,,,,,,
WEARING,Goodwill N Loop 1604,B0449,GAP Fit Racer Back Tank Grey XS,$4.79 ,$5.19 ,WEARING,,,,,,,,,,
5,Goodwill Cibolo,B0452,Altar'd State Waffle Knit Long Sleeve Embroidered Blush Top V-Neck L,$2.40 ,$2.59 ,7/6/2021,20217,,,,,,,,,413
7,Goodwill Cibolo,B0453,Eyeshadow Waffle Knit Tie Front Button Down Top M,$2.40 ,$2.59 ,7/6/2021,20217,,,,,,,,,413
7,Goodwill Cibolo,B0454,Lavender Fields Bell Sleeve Boho Hippie Top L,$2.40 ,$2.59 ,7/6/2021,20217,,,,,,,,,413
10-Sep,Goodwill Cibolo,B0455,Free People A Modern Summer Shorts Button S,$4.79 ,$5.19 ,10/18/2021,202110,,,,,,,,,309
WEARING,Goodwill Cibolo,B0456,LOFT Striped Long Sleeve Cardigan S,$4.79 ,$5.19 ,Wearing,,,,,,,,,,
3,Goodwill Cibolo,B0458,Ember Missy Bell Sleeve Boho Top L,$4.79 ,$5.19 ,3/30/2021,20213,,,,,,,,,511
6,Goodwill Cibolo,B0459,Levi's Graphic Semi-Cropped Hoodie XL,$4.79 ,$5.19 ,7/6/2021,20217,,,,,,,,,413
2,Goodwill Cibolo,B0460,Umgee Embroidered Oversized Flowy Boho Blouse M,$4.79 ,$5.19 ,7/7/2021,20217,Poshmark,$24.00 ,$4.80 ,$0.00 ,$19.20 ,$14.01 ,6/10/2022,20226,338
5,Goodwill Cibolo,B0461,Maeve Anthro Maes Silk Kimono Floral Tie Top M,$4.79 ,$5.19 ,7/6/2021,20217,Poshmark,$20.00 ,$4.00 ,$0.00 ,$16.00 ,$10.81 ,3/2/2022,20223,239
3,Goodwill Cibolo,B0463,Free People Kristobel Ruffle Lace Peplum Sweater Top M,$4.79 ,$5.19 ,3/30/2021,20213,,,,,,,,,511
7,Goodwill Cibolo,B0464,Deletta Anthro Knotted Tank XS,$4.79 ,$5.19 ,7/7/2021,20217,Poshmark,$18.33 ,$3.67 ,$0.00 ,$14.67 ,$9.48 ,5/4/2022,20225,301
5,Goodwill Cibolo,B0465,AEO Soft & Sexy Floral Long Sleeve Button Down High/Low L,$4.79 ,$5.19 ,7/7/2021,20217,,,,,,,,,412
3,Goodwill Cibolo,B0466,Annabelle Floral Boho Hippie Long Sleeve Ruffle Blouse M,$4.79 ,$5.19 ,4/5/2021,20214,,,,,,,,,505
2,Goodwill Cibolo,B0468,Umgee Kimono Wrap Boho Dolman Sleeve Lace Trim M/L,$4.79 ,$5.19 ,7/7/2021,20217,,,,,,,,,412
Hanging,Goodwill Cibolo,B0471,Alice + Olivia Foss Black & Berry Metallic Stripe Fit & Flare Dress 6 as seen on Zooey Deschanel and Meghan Trainor,$9.99 ,$10.81 ,7/6/2021,20217,,,,,,,,,413
6,Goodwill Cibolo,B0472,"Harley Davidson Tunic Top 3/4 Sleeve San Antonio, TX Large",$2.40 ,$2.60 ,7/11/2021,20217,,,,,,,,,408
4,Goodwill Cibolo,B0473,Altar'd State Boho Sheer Paisley Top Bell Sleeve XS,$2.40 ,$2.60 ,7/10/2021,20217,,,,,,,,,409
12-Nov,Goodwill Cibolo,B0474,Umgee NWT Embroidered Floral Lined Shift Dress Sleeveless M,$8.49 ,$9.19 ,7/15/2021,20217,Poshmark,$17.50 ,$3.50 ,$0.00 ,$14.00 ,$4.81 ,5/5/2022,20225,294
,Goodwill Cibolo,B0476,AEO Floral Jumpsuit Romper Boho S,$11.04 ,$11.95 ,Donated,,Donated,,,,,,5/23/2022,20225,
WEARING,Goodwill Cibolo,B0477,AEO NWT Floral Long Sleeve Mini Dress Boho S,$11.04 ,$11.95 ,WEARING,,,,,,,,,,
6,Goodwill Cibolo,B0478,Graphic T Shirt Texas Floral Animal Print S,$2.54 ,$2.75 ,10/12/2021,202110,,,,,,,,,315
6,Goodwill Cibolo,B0479,Graphic T Shirt Alice in Wonderland Tea Cup S,$2.54 ,$2.75 ,10/13/2021,202110,Poshmark,$10.00 ,$0.00 ,$0.00 ,$10.00 ,$7.25 ,3/26/2022,20223,164
6,Goodwill Cibolo,B0480,Graphic T Shirt But First Coffee Floral S,$2.54 ,$2.75 ,10/13/2021,202110,,,,,,,,,314
3,Goodwill Cibolo,B0481,Graphic T Shirt Boho Western Skull Floral S,$2.54 ,$2.75 ,10/13/2021,202110,,,,,,,,,314
5,Goodwill Cibolo,B0482,Acid Wash Tie Dye T Shirt M,$2.54 ,$2.75 ,10/13/2021,202110,,,,,,,,,314
3,Goodwill Cibolo,B0483,Acid Wash Tie Dye T Shirt S,$2.54 ,$2.75 ,10/15/2021,202110,,,,,,,,,312
3,Goodwill Cibolo,B0484,Acid Wash Tie Dye T Shirt S,$2.54 ,$2.75 ,,,,,,,,,,,
,Goodwill Cibolo,B0485,Graphic T Shirt Boho Skull Floral S,$2.54 ,$2.75 ,7/13/2021,20217,,,,,,,,,406
WEARING,Goodwill Cibolo,B0486,Graphic T Shirt Mandala Bear Hippie Boho Tie Dye XS,$2.54 ,$2.75 ,Wearing,,,,,,,,,,
5,Goodwill Cibolo,B0487,Graphic T Shirt Boho Western Floral Antlers S,$2.54 ,$2.75 ,7/13/2021,20217,,,,,,,,,406
5,Goodwill Cibolo,B0488,Graphic T Shirt Cowgirl Up Boot Western Floral S,$2.54 ,$2.75 ,7/13/2021,20217,,,,,,,,,406
12-Nov,Goodwill Cibolo,B0489,AEO NWOT Paisley Boho Tassle Shift Dress XXS,$6.79 ,$7.35 ,7/11/2021,20217,,,,,,,,,408
12-Nov,Goodwill Cibolo,B0490,Altar'd State Oversized Embroidered Dress Long Bell Sleeve M,$6.79 ,$7.35 ,7/11/2021,20217,,,,,,,,,408
2,Goodwill Cibolo,B0492,Lucky Brand Distressed Pullover Long Sleeve Top L,$4.07 ,$4.41 ,7/12/2021,20217,,,,,,,,,407
5,Goodwill Cibolo,B0493,Skies Are Blue Stitch Fix Embroidered Striped Top S,$4.07 ,$4.41 ,7/12/2021,20217,,,,,,,,,407
10-Sep,Goodwill Cibolo,B0494,Evolution and Creation Boho Elephant Mandola High Waist Crop Legging S,$4.07 ,$4.41 ,10/17/2021,202110,,,,,,,,,310
WEARING,Goodwill Cibolo,B0495,miami Francesca's High Low Knit Sweater M/L,$4.07 ,$4.41 ,WEARING,,,,,,,,,,
10-Sep,Goodwill Cibolo,B0497,ecote UO Boho Pleated High Rise Elastic Shorts M,$4.07 ,$4.41 ,10/17/2021,202110,,,,,,,,,310
10-Sep,Goodwill Cibolo,B0498,Joy Lab NWOT High Waist Ankle Legging Tropical S,$4.07 ,$4.41 ,10/17/2021,202110,,,,,,,,,310
10-Sep,Goodwill Cibolo,B0499,Nike Dri Fit High Waist Ankle Legging Tropical XS,$4.07 ,$4.41 ,10/17/2021,202110,,,,,,,,,310
3,Goodwill Cibolo,B0500,Philosophy Striped Plus Size Long Sleeve Sharkbite Hem Tunic Top XXL,$4.07 ,$4.41 ,7/15/2021,20217,,,,,,,,,404
10-Sep,Goodwill Cibolo,B0501,Earthbound Trading Co. Boho Hippie Jogger Pants S,$4.07 ,$4.41 ,10/18/2021,202110,,,,,,,,,309
,Goodwill Cibolo,B0502,Earthbound Trading Co. Boho Hippie Jogger Pants S,$4.07 ,$4.41 ,Donated,,Donated,,,,,,5/23/2022,20225,
,Goodwill Cibolo,B0503,Earthbound Trading Co. Boho Hippie Jogger Pants S,$4.07 ,$4.41 ,Donated,,Donated,,,,,,5/23/2022,20225,
WEARING,Thredup,B0506,Lululemon Athletica Stirrup Pant Legging 4,$26.92 ,$26.92 ,WEARING,,,,,,,,,,
,Thredup,B0507,Lululemon Athletica High Waist Black Leggings 4,$26.92 ,$26.91 ,Damaged,,Damaged,,,,,,5/23/2022,20225,
WEARING,Texas Thrift Store,B0509,AEO Black Jumpsuit Racerback S,$3.49 ,$3.78 ,WEARING,,,,,,,,,,
10-Sep,Texas Thrift Store,B0510,Ann Taylor LOFT Dark Wash Denim Shorts 4,$2.49 ,$2.70 ,10/18/2021,202110,,,,,,,,,309
WEARING,Texas Thrift Store,B0511,158 YFK High Waist Skinny Jean Black Acid Wash No Size,$3.99 ,$4.32 ,WEARING,,,,,,,,,,
,Texas Thrift Store,B0512,Indigo Rein Acid Wash Skinny Jeans S,$2.99 ,$3.24 ,Donated,,Donated,,,,,,5/23/2022,20225,
,Texas Thrift Store,B0513,Flying Monkey High Waist Skinny Jeans Cut-off Ankle 28,$4.99 ,$5.40 ,Donated,,Donated,,,,,,5/23/2022,20225,
10-Sep,Texas Thrift Store,B0514,Ann Taylor LOFT Curvy Straight Jeans 26/2 Petite Dark Wash,$4.99 ,$5.40 ,10/17/2021,202110,,,,,,,,,310
WEARING,Texas Thrift Store,B0515,Ann Taylor Petite the Boot Curvy Fit 2 Petite Dark Wash,$4.99 ,$5.40 ,WEARING,,,,,,,,,,
14,Texas Thrift Store,B0516,A'gaci Floral Long Sleeve Romper V-Neck M,$3.49 ,$3.78 ,10/18/2021,202110,Poshmark,$11.66 ,$2.34 ,$0.82 ,$8.50 ,$4.72 ,1/16/2022,20221,90
,Texas Thrift Store,B0517,Vanilla Star Leopard Animal Print Harem Pants XS,$2.49 ,$2.70 ,Donated,,Donated,,,,,,5/23/2022,20225,
13,Texas Thrift Store,B0518,LOFT Outlet Lined Midi Dress Abstract Print Work Dress S,$6.98 ,$7.56 ,10/17/2021,202110,,,,,,,,,310
8,Texas Thrift Store,B0519,Columbia 100% Cotton Button Down Roll-tab Sleeve XS,$2.99 ,$3.24 ,10/17/2021,202110,,,,,,,,,310
WEARING,Texas Thrift Store,B0520,Crochet Knit Lace Tank Top Swim Cover up Festival No Size,$2.49 ,$2.70 ,WEARING,,,,,,,,,,
WEARING,Texas Thrift Store,B0521,Torrid White Button up Long Sleeve 0 Plus Size,$5.98 ,$6.47 ,WEARING,,,,,,,,,,
14,Texas Thrift Store,B0522,E&M White Lace Floral Embroidered Romper Sleeveless S,$3.49 ,$3.78 ,10/18/2021,202110,,,,,,,,,309
10-Sep,Texas Thrift Store,B0524,Zara Basic Straight Leg Medium Wash Jeans Size 38,$3.49 ,$3.78 ,10/17/2021,202110,,,,,,,,,310
10-Sep,Texas Thrift Store,B0526,Levi's Legging Jeans Size 3M W26 L30,$3.99 ,$4.32 ,10/17/2021,202110,,,,,,,,,310
10-Sep,Texas Thrift Store,B0527,PrAna Bermuda Shorts Knee Length Legging XS,$2.49 ,$2.70 ,10/17/2021,202110,,,,,,,,,310
10-Sep,Texas Thrift Store,B0528,Adidas Climalite Capri M,$6.46 ,$6.99 ,10/17/2021,202110,,,,,,,,,310
4,Texas Thrift Store,B0529,Paper Crane Graphic Camping Tank L,$1.49 ,$1.61 ,10/13/2021,202110,,,,,,,,,314
11,Texas Thrift Store,B0530,Bobbie Brooks Striped Multi-color Midi Dress NWOT S,$3.49 ,$3.78 ,10/14/2021,202110,,,,,,,,,313
4,Texas Thrift Store,B0531,Cabi Pink Floating Poppies Tie Back Tank Top #5218 M,$2.49 ,$2.70 ,10/12/2021,202110,,,,,,,,,315
4,Texas Thrift Store,B0532,Madewell White Tank Top Tiered Faux Layer L,$1.99 ,$2.15 ,10/14/2021,202110,,,,,,,,,313
4,Texas Thrift Store,B0533,HD in Paris Anthro Floral Lace Flores Blouse 0,$4.99 ,$5.40 ,10/12/2021,202110,,,,,,,,,315
4,Texas Thrift Store,B0535,Fig and Flower Anthro Boho Floral Blouse M,$3.99 ,$4.32 ,10/14/2021,202110,,,,,,,,,313
4,Texas Thrift Store,B0536,J. Crew Polka Dot Sleeveless Blouse Linen/Cotton Blend 14,$1.99 ,$2.15 ,10/12/2021,202110,,,,,,,,,315
5,Texas Thrift Store,B0537,American Rag Semi Sheer Poncho Style Blouse Plus Size 3X,$2.99 ,$3.24 ,10/14/2021,202110,,,,,,,,,313
3,Texas Thrift Store,B0538,Perch by Blu Pepper Boho Cream Sheer Crochet Blouse Plus Size 1X,$3.99 ,$4.32 ,10/14/2021,202110,Poshmark,$20.00 ,$4.00 ,$0.00 ,$16.00 ,$11.68 ,5/13/2022,20225,211
5,Texas Thrift Store,B0539,Patrons of Peach Boho Cropped Blouse M,$2.49 ,$2.70 ,10/15/2021,202110,Poshmark,$35.00 ,$7.00 ,$1.72 ,$26.28 ,$23.58 ,8/6/2022,20228,295
3,Texas Thrift Store,B0540,The Limited Floral Blouse Plus Size 2X,$2.99 ,$3.24 ,10/15/2021,202110,Poshmark,$27.00 ,$5.40 ,$2.46 ,$19.14 ,$15.90 ,2/18/2022,20222,126
3,Texas Thrift Store,B0542,Skies are Blue Paisley Color Block 3/4 Roll-tab Sleeve Blouse M,$2.99 ,$3.24 ,10/15/2021,202110,,,,,,,,,312
5,Texas Thrift Store,B0544,AEO Floral Boho Blouse XL,$2.49 ,$2.70 ,10/15/2021,202110,Poshmark,$25.00 ,$5.00 ,$0.00 ,$20.00 ,$17.30 ,2/18/2022,20222,126
8,Texas Thrift Store,B0545,41 Hawthorn Wrap Top Sleeveless Plus Size 1X,$2.99 ,$3.24 ,10/17/2021,202110,Poshmark,$15.00 ,$3.00 ,$0.00 ,$12.00 ,$8.76 ,2/6/2022,20222,112
8,Texas Thrift Store,B0547,The Limited Racer Back Color Block Stripe Tank M,$1.99 ,$2.15 ,10/17/2021,202110,,,,,,,,,310
8,Texas Thrift Store,B0548,Madewell Striped Button Down Tank L,$2.99 ,$3.24 ,10/17/2021,202110,,,,,,,,,310
13,Texas Thrift Store,B0549,Peach Love Cream NWT Boho Maxi Sleeveless S,$4.99 ,$5.40 ,10/18/2021,202110,,,,,,,,,309
8,Texas Thrift Store,B0550,Violoet + Claire Floral Blouse Long Sleeve L,$2.49 ,$2.70 ,10/17/2021,202110,,,,,,,,,310
8,Texas Thrift Store,B0551,Under Skies Embroidered Boho Tank M,$2.49 ,$2.70 ,10/17/2021,202110,,,,,,,,,310
8,Texas Thrift Store,B0552,Bella Llama Graphic Racerback Tank L,$0.99 ,$1.07 ,10/17/2021,202110,,,,,,,,,310
8,Texas Thrift Store,B0553,AEO Boho Blouse Semi Sheer 3/4 Sleeve L,$2.49 ,$2.70 ,10/17/2021,202110,,,,,,,,,310
8,Texas Thrift Store,B0555,Miss Me Floral Embroidered Blush Tank S,$1.99 ,$2.15 ,10/17/2021,202110,,,,,,,,,310
8,Texas Thrift Store,B0556,California Moon Rise Distressed Destroyed Tiered Blouse Short Sleeve XL,$2.49 ,$2.70 ,10/17/2021,202110,Poshmark,$28.00 ,$5.60 ,$1.72 ,$20.68 ,$17.98 ,5/28/2022,20225,223
8,Texas Thrift Store,B0558,Express Paisley Tank S,$2.49 ,$2.70 ,10/18/2021,202110,,,,,,,,,309
8,Texas Thrift Store,B0559,Express Tie Dye High Low Tunic Tank S,$2.49 ,$2.70 ,10/18/2021,202110,,,,,,,,,309
8,Texas Thrift Store,B0560,Cabi Side Out Tank 5394 Striped Tunic Tank S,$2.49 ,$2.70 ,10/20/2021,202110,,,,,,,,,307
8,Texas Thrift Store,B0561,Marc by Marc Jacobs Silk Blend Tank Blouse Top Pleated Polka Dot 0,$2.99 ,$3.24 ,10/18/2021,202110,Poshmark,$20.00 ,$4.00 ,$0.00 ,$16.00 ,$12.76 ,3/12/2022,20223,145
8,Texas Thrift Store,B0563,Umgee Knit Sweater Crochet Lace 3/4 Sleeve Plus Size 1X,$1.99 ,$2.15 ,10/18/2021,202110,Poshmark,$22.00 ,$4.40 ,$0.00 ,$17.60 ,$15.45 ,5/21/2022,20225,215
8,Texas Thrift Store,B0564,Papaya Embroidered Floral Abstract Tank M,$1.49 ,$1.61 ,10/18/2021,202110,,,,,,,,,309
8,Texas Thrift Store,B0566,BCBGeneration Floral Bell Long Sleeve Boho Hippie Gypsy Blouse Top S,$2.99 ,$3.24 ,10/18/2021,202110,,,,,,,,,309
8,Texas Thrift Store,B0567,Lucky Brand White Tank Semi-Sheer Back M,$1.45 ,$1.57 ,10/18/2021,202110,,,,,,,,,309
8,Texas Thrift Store,B0568,Torrid Button Down Pineapple Hawaiian Beach Shirt 2 Plus Size,$2.49 ,$2.70 ,10/18/2021,202110,Poshmark,$25.00 ,$5.00 ,$2.46 ,$17.54 ,$14.84 ,1/18/2022,20221,92
8,Texas Thrift Store,B0569,Torrid Bow Print Black Blouse Top Short Sleeve 2 Plus Size,$2.99 ,$3.24 ,10/18/2021,202110,,,,,,,,,309
8,Texas Thrift Store,B0570,Eyeshadow Boho Crop Top Crochet Lace Plus Size 1X,$2.49 ,$2.70 ,10/18/2021,202110,,,,,,,,,309
8,Texas Thrift Store,B0571,J. Jill Linen White Blouse Crew Neck Sleeveless Tank L,$2.49 ,$2.70 ,10/18/2021,202110,Poshmark,$22.00 ,$4.40 ,$1.72 ,$15.88 ,$13.18 ,3/25/2022,20223,158
8,Texas Thrift Store,B0572,Charming Charlie NWT Sleeveless Black/Cream Blouse XL,$3.49 ,$3.78 ,10/18/2021,202110,Poshmark,$13.00 ,$2.95 ,$2.46 ,$7.59 ,$3.81 ,1/1/2022,20221,75
8,Texas Thrift Store,B0573,Express NWT Black Lace Peplum Sleeveless Blouse Top Tank M,$4.99 ,$5.40 ,10/18/2021,202110,Poshmark,$27.00 ,$5.40 ,$1.72 ,$19.88 ,$14.48 ,3/20/2022,20223,153
8,Texas Thrift Store,B0574,Torrid Red 3/4 Sleeve Button Down Red Blouse Plus Size 2,$3.49 ,$3.78 ,10/20/2021,202110,,,,,,,,,307
8,Texas Thrift Store,B0575,Finn & Grace Boho Floral Pillowcase Blouse M,$1.99 ,$2.15 ,10/18/2021,202110,,,,,,,,,309
12,Texas Thrift Store,B0576,Skies Are Blue Stitch Fix Embroidered Tunic Dress S,$2.49 ,$2.70 ,10/20/2021,202110,,,,,,,,,307
8,Texas Thrift Store,B0577,Philosophy Black Lace Blouse Plus Size 2XL XXL,$2.49 ,$2.70 ,10/18/2021,202110,Poshmark,$30.00 ,$6.00 ,$0.00 ,$24.00 ,$21.30 ,6/5/2022,20226,230
8,Texas Thrift Store,B0578,Skies Are Blue Stitch Fix Embroidered V-Neck Tank Top L,$1.49 ,$1.61 ,10/18/2021,202110,Poshmark,$17.50 ,$3.50 ,$0.00 ,$14.00 ,$12.39 ,5/5/2022,20225,199
8,Texas Thrift Store,B0579,Livi Active Red Black Long Sleeve Top Plus Size 18/20,$3.49 ,$3.78 ,10/18/2021,202110,,,,,,,,,309
14,Texas Thrift Store,B0580,BCBGMaxAzria Pin Stripe Romper 3/4 Sleeve S,$3.99 ,$4.32 ,10/18/2021,202110,Poshmark,$29.00 ,$5.80 ,$0.00 ,$23.20 ,$18.88 ,1/23/2022,20221,97
8,Texas Thrift Store,B0581,Boutique Animal Print Stripe Long Sleeve Knit Sweater Blouse Plus Size 2XL,$2.99 ,$3.24 ,10/18/2021,202110,,,,,,,,,309
13,Texas Thrift Store,B0584,Lucky Brand Strapless Maxi Dress Boho Hippie Gypsy Paisley M,$3.99 ,$3.30 ,10/18/2021,202110,,,,,,,,,309
13,Texas Thrift Store,B0585,AEO Patchwork Boho Floral Bell Sleeve Long Sleeve Hippie Gypsy Dress M,$0.00 ,$0.00 ,10/18/2021,202110,,,,,,,,,309
8,Texas Thrift Store,B0586,Torrid Striped V Neck T Shirt Plus Size 00,$0.00 ,$0.00 ,10/18/2021,202110,,,,,,,,,309
8,Garage Sale,B0592,J. Jill Dolman Batwing Sleeve Blouse Cowl Neck Heathered Purple 3/4 Sleeves L,$1.33 ,$1.33 ,10/18/2021,202110,,,,,,,,,309
14,Goodwill Columbia MO,B0594,Band of Gypsies B.O.G. Collective Houndstooth Jumpsuit S,$7.00 ,$7.00 ,10/18/2021,,,,,,,,,,
13,Goodwill Columbia MO,B0595,Altar'd State Chambray mini shift dress ruffle top faux sleeveless pockets S,$1.25 ,$1.25 ,10/18/2021,202110,,,,,,,,,309
13,Goodwill Columbia MO,B0596,Lulu's Bodycon twist mini dress black XS,$0.00 ,$0.00 ,10/18/2021,202110,,,,,,,,,309
14,Goodwill Columbia MO,B0597,Urban Outfitters UO Gold Metallic Romper L,$7.00 ,$7.00 ,10/18/2021,202110,,,,,,,,,309
14,Goodwill Columbia MO,B0598,AEO Boho Hippie Gypsy Bell Sleeve Long Sleeve Romper S,$5.00 ,$5.00 ,10/18/2021,202110,,,,,,,,,309
12,Goodwill Columbia MO,B0599,Anthro Philosophy Floral Lace Embroidered Long Sleeve Dress S Petite,$5.00 ,$5.00 ,6/22/2022,20226,,,,,,,,,62
13,Goodwill Columbia MO,B0600,Postage Stamp Anthro Sleeveless Colorblock Shirt Dress 10,$5.00 ,$5.00 ,10/18/2021,202110,,,,,,,,,309
14,Goodwill Columbia MO,B0602,Urban Outfitters UO Moonstruck Surplice Mustard Floral Romper Boho Hippie Gypsy M,$5.00 ,$5.00 ,10/15/2021,202110,,,,,,,,,312
13,Goodwill Columbia MO,B0604,TopShop Black Open Back Zipper Accent Black Mini Dress 4,$5.00 ,$5.00 ,10/18/2021,202110,,,,,,,,,309
14,Goodwill Columbia MO,B0605,Lulu's Milos Deep V Plunge Black Romper Halter Open Back M,$5.00 ,$5.00 ,10/18/2021,202110,Poshmark,$11.67 ,$2.33 ,$0.82 ,$8.51 ,$3.51 ,1/16/2022,20221,90
14,Goodwill Columbia MO,B0606,AEO Boho Hippie Romper S,$5.00 ,$5.00 ,10/18/2021,202110,,,,,,,,,309
14,Goodwill Columbia MO,B0607,asos animal print maxi bodycon short sleeve 4,$5.00 ,$5.00 ,10/18/2021,202110,,,,,,,,,309
14,Goodwill Columbia MO,B0608,Lulu's strapless royal blue mini dress XS/S,$5.00 ,$5.00 ,10/18/2021,202110,,,,,,,,,309
14,Goodwill Columbia MO,B0609,Show Me Your Mumu Maroon Lace Tunic Dress XS,$5.00 ,$5.00 ,10/18/2021,202110,,,,,,,,,309
N/A,Goodwill Columbia MO,B0610,Chelsea & Violet Calf Hair Animal Print Loafers 6.5M,$8.00 ,$8.00 ,10/17/2021,202110,,,,,,,,,310
WEARING,Clothes Mentor Selma,B0611,Madewell High Riser Skinny Jeans 26,$23.00 ,$24.90 ,WEARING,,,,,,,,,,
WEARING,Clothes Mentor Selma,B0612,AEO Super Stretch X Jegging Jeans Skinny High Waist Medium Wash 6,$14.00 ,$15.16 ,WEARING,,,,,,,,,,
WEARING,Clothes Mentor Selma,B0613,Joe's Jeans Dark Wash Skinny High Waist 27,$23.00 ,$24.90 ,WEARING,,,,,,,,,,
WEARING,Goodwill Cibolo,B0614,Black Faux Leather Backpack Purse,$6.37 ,$6.90 ,WEARING,,,,,,,,,,
N/A,Goodwill Cibolo,B0615,Brooks Women's Running Shoe Launch 5 9.5,$12.74 ,$13.79 ,10/17/2021,202110,,,,,,,,,310
N/A,Goodwill Cibolo,B0617,Lucky Brand Laretah Block Heel Bootie Peep Toe 9,$8.92 ,$9.66 ,10/17/2021,202110,Poshmark,$44.00 ,$8.80 ,$0.00 ,$35.20 ,$25.54 ,2/26/2022,20222,132
10-Sep,Goodwill Cibolo,B0619,Umbro Sweat Pants S,$4.50 ,$4.87 ,10/17/2021,202110,Poshmark,$15.00 ,$3.00 ,$0.00 ,$12.00 ,$7.13 ,6/13/2022,20226,239
,Goodwill Cibolo,B0620,Nike Dri Fit Crop Legging Running Pant Black M,$4.50 ,$4.87 ,Unlisted,,,,,,,,,,
,Goodwill Cibolo,B0621,AEO Super Super Stretch Denim Short Raw Hem 2,$2.65 ,$2.87 ,Unlisted,,,,,,,,,,
14,Goodwill Cibolo,B0622,Earthbound Trading Co. Boho Hippie Long Sleeve Tie Dye Romper M,$4.25 ,$4.60 ,10/18/2021,202110,Poshmark,$20.00 ,$4.00 ,$0.00 ,$16.00 ,$11.40 ,5/1/2022,20225,195
14,Goodwill Cibolo,B0623,Madewell Button-Front Cami Dress in Island Magnolias S,$4.25 ,$4.60 ,10/15/2021,202110,Poshmark,$38.00 ,$7.60 ,$0.00 ,$30.40 ,$25.80 ,8/6/2022,20228,295
N/A,Closet,B0625,FAB SKIN LAB RETINOL SERUM 0.25% PURE CONCENTRATE,$0.00 ,$14.40 ,10/17/2021,202110,Poshmark,$18.00 ,$3.60 ,$0.00 ,$14.40 ,$0.00 ,2/26/2022,20222,132
Hanging,Goodwill Blanco North,B0626,AEO Tropical Rain Jacket XS,$4.50 ,$4.87 ,10/20/2021,202110,,,,,,,,,307
10,Goodwill Blanco North,B0627,Fabletics Powerhold Floral 7/8 Leggings Purple Blue Pink S,$4.50 ,$4.87 ,10/20/2021,202110,Poshmark,$20.00 ,$4.00 ,$0.00 ,$16.00 ,$11.13 ,4/24/2022,20224,186
8,Goodwill Blanco North,B0628,Entro Waffle Knit Blouse V-Neck Embroidered Floral M,$2.65 ,$2.87 ,10/20/2021,202110,Poshmark,$17.50 ,$3.50 ,$1.34 ,$12.66 ,$9.79 ,3/13/2022,20223,144
WEARING,Goodwill Blanco North,B0629,MPG Running Shorts Dark Green XS,$4.50 ,$4.87 ,Wearing,,,,,,,,,,
8,Goodwill Blanco North,B0630,Alice + Olivia Classic Black Blouse Rhinestone Embellished Sleeve Wrist M,$4.50 ,$4.87 ,10/20/2021,202110,,,,,,,,,307
10,Goodwill Blanco North,B0631,AEO Bermuda Cut Off Shorts Kick Boot Size 2,$2.65 ,$2.87 ,10/20/2021,202110,,,,,,,,,307
WEARING,Texas Thrift Store,B0632,Zara Black Button Down Blouse XS,$9.98 ,$10.80 ,Wearing,,,,,,,,,,
8,Texas Thrift Store,B0633,Sanctuary Boho Aztec Blouse Tank Top M,$3.98 ,$4.33 ,10/20/2021,202110,,,,,,,,,307
8,Texas Thrift Store,B0634,MinkPink Boho Hippie Azetez Floral Tunic XS,$5.59 ,$6.05 ,10/20/2021,202110,,,,,,,,,307
8,Texas Thrift Store,B0635,Umgee Maroon Knit Sweater Lace Trim S,$3.49 ,$3.77 ,10/20/2021,202110,,,,,,,,,307
,Texas Thrift Store,B0636,Umgee Floral Tunic Top Boho L,$5.59 ,$6.05 ,Repairing,,,,,,,,,,
,Texas Thrift Store,B0637,Shein Knit Cardigan Floral Color Block Sleeves S,$3.99 ,$4.32 ,Donated,,Donated,,,,,,5/23/2022,20225,
8,Texas Thrift Store,B0638,Lumiere Black White Abstract Stripe Sweater Crop S,$2.99 ,$3.24 ,10/20/2021,202110,,,,,,,,,307
8,Texas Thrift Store,B0639,Easel Embroidered Boho Flowy Blouse M,$2.99 ,$3.24 ,10/20/2021,202110,,,,,,,,,307
8,Texas Thrift Store,B0640,We The Free People Natasha Ruffle Top Ruched Long Sleeves M,$3.49 ,$3.78 ,10/20/2021,202110,,,,,,,,,307
8,Texas Thrift Store,B0641,AEO Floral Sleeveless Blouse Tank Top M,$1.99 ,$2.15 ,10/20/2021,202110,,,,,,,,,307
8,Texas Thrift Store,B0642,AEO Knit Metallic Cream Tank Boho S,$4.98 ,$5.39 ,10/20/2021,202110,Poshmark,$25.00 ,$5.00 ,$1.72 ,$18.28 ,$12.89 ,8/15/2022,20228,299
8,Texas Thrift Store,B0643,The Limited Abstract Print Blouse L,$4.98 ,$5.39 ,10/20/2021,202110,,,,,,,,,307
7,Texas Thrift Store,B0644,Madewell Cropped Balloon Sleeve Top Charcoal Grey XS,$7.98 ,$8.64 ,10/27/2021,202110,,,,,,,,,300
,Texas Thrift Store,B0645,Cabi The Flirt Ruffled Cardigan Sweater 3/4 Sleeve #276 S,$4.98 ,$5.39 ,,,,,,,,,,,
WEARING,Texas Thrift Store,B0646,Altar'd State Waffle Knit Long Sleeve Tie Crop Button Down Top S,$4.98 ,$5.39 ,Wearing,,,,,,,,,,
8,Texas Thrift Store,B0647,HOUNT Good Vibes Graphic Boho Rainbow Tank L,$3.98 ,$4.31 ,10/20/2021,202110,Poshmark,$20.00 ,$4.00 ,$0.00 ,$16.00 ,$11.69 ,4/8/2022,20224,170
Wearing,Goodwill Austin Hwy,B0648,AEO High Waist 7/8 Grey Legging S,$4.50 ,$4.87 ,Wearing,,,,,,,,,,
Wearing,Goodwill Austin Hwy,B0649,AEO Velvet Purple Dress V Neck Short Sleeve Mini Wrap XS,$7.22 ,$7.82 ,Wearing,,,,,,,,,,
Wearing,Goodwill Austin Hwy,B0650,Zara Knit Striped Turtleneck Sweater L,$4.50 ,$4.87 ,Wearing,,,,,,,,,,
,Goodwill Austin Hwy,B0651,Brown tassel festival boho hippie crossbody purse,$5.52 ,$5.98 ,,,,,,,,,,,
,Goodwill Austin Hwy,B0652,Joie Womens Canvas Vivienne Tan Beige Fringed Espadrilles Flats 36 / 6,$5.25 ,$5.68 ,,,,,,,,,,,
13,Goodwill Austin Hwy,B0653,Zara Basic Black Tunic Long Sleeve Button Down Roll Tab Cinched Waist L,$4.50 ,$4.87 ,3/1/2022,20223,,,,,,,,,175
11,Goodwill Austin Hwy,B0655,Altar'd State Lace Off Shoulder Bell Sleeve Boho Light Blush Dress S,$7.22 ,$7.82 ,10/27/2021,202110,,,,,,,,,300
7,Goodwill Austin Hwy,B0656,Melloday Floral Boho Ruffle Long Sleeve Blouse M,$4.50 ,$4.87 ,10/27/2021,202110,,,,,,,,,300
7,Goodwill Austin Hwy,B0657,Lucky Brand Ribbed Black Semi Sheer Long Sleeve Turtleneck Knit Sweater L,$2.80 ,$3.03 ,10/27/2021,202110,Poshmark,$20.00 ,$4.00 ,$0.00 ,$16.00 ,$12.97 ,2/20/2022,20222,116
7,Goodwill Austin Hwy,B0658,AEO Soft & Sexy Tie Dye Long Sleeve Top M,$2.65 ,$2.87 ,10/27/2021,202110,Poshmark,$15.00 ,$3.00 ,$0.00 ,$12.00 ,$9.13 ,8/17/2022,20228,294
,Goodwill Austin Hwy,B0659,The North Face Teal Logo Hoodie XL,$4.50 ,$4.87 ,Repairing,,,,,,,,,,
7,Goodwill Austin Hwy,B0661,Pins and Needles Urban Outfitters Cut out Floral Embroidered semi sheer light blush blouse S,$4.50 ,$4.87 ,10/27/2021,202110,,,,,,,,,300
14,Goodwill Austin Hwy,B0662,AEO Long Sleeve Boho Ruffle Deep V Neck Romper S,$7.22 ,$7.82 ,10/27/2021,202110,,,,,,,,,300
11,Goodwill Austin Hwy,B0663,Altar'd State Paisley Long Sleeve Shift Dress L,$7.22 ,$7.82 ,10/27/2021,202110,,,,,,,,,300
7,Goodwill Austin Hwy,B0664,Anthro Maeve Dottie Ruffled Polka Dot Tank 4,$4.50 ,$4.87 ,10/27/2021,202110,Poshmark,$31.00 ,$6.20 ,$2.46 ,$22.34 ,$17.47 ,1/18/2022,20221,83
6,Goodwill Austin Hwy,B0665,Torrid Sage Green Roll tab sleeve V Neck Blouse Plus Sized,$2.65 ,$2.87 ,2/27/2022,20222,,,,,,,,,177
13,Goodwill Austin Hwy,B0666,Asos Red Tiered High/Low Flowy Midi Dress 4,$7.22 ,$7.82 ,3/1/2022,20223,,,,,,,,,175
11,Goodwill Austin Hwy,B0667,Anthro Hazel Bodycon Lace Scoop Neck Midi Dress S,$4.25 ,$4.60 ,10/27/2021,202110,,,,,,,,,300
11,Goodwill Austin Hwy,B0668,Anthro Hazel Maxi Embroidered Lace Pleated Skirt Boho Sleeveless Dress S,$7.22 ,$7.82 ,10/27/2021,202110,Poshmark,$24.50 ,$4.90 ,$1.34 ,$18.26 ,$10.44 ,5/22/2022,20225,207
11,Goodwill Austin Hwy,B0669,Miami Francesca's Collections Midi Long Sleeve Bodycon V-neck Dress S,$7.22 ,$7.82 ,10/27/2021,202110,,,,,,,,,300
Hanging,Goodwill Austin Hwy,B0670,Tahari 100% Linen Dress Sleeveless Pockets Scalloped V-neck Tie 4,$4.25 ,$4.60 ,3/1/2022,20223,,,,,,,,,175
11,Goodwill Austin Hwy,B0671,Tahari Lace Shift T Shirt Dress Cut Out M,$4.25 ,$4.60 ,10/27/2021,202110,Poshmark,$24.50 ,$4.90 ,$1.34 ,$18.26 ,$13.66 ,5/22/2022,20225,207
Hanging,Goodwill Austin Hwy,B0672,Show Me Your Mumu NWT Caitlin Ruffle Maxi Dress M,$7.22 ,$7.82 ,3/1/2022,20223,,,,,,,,,175
,Goodwill Austin Hwy,B0673,Madewell High Riser Skinny Jeans 28,$7.22 ,$7.82 ,,,,,,,,,,,
,Goodwill Austin Hwy,B0674,Anthropologie The Wanderer Utility Khaki Shorts 26,$4.25 ,$4.60 ,,,,,,,,,,,
,Goodwill Austin Hwy,B0675,Anthro Pilcro and the Letterpress Slim Boyfriend Denim Embroidered Floral Shorts 29,$4.50 ,$4.87 ,,,,,,,,,,,
,Goodwill Austin Hwy,B0676,Anthro Saturday Sunday Almeria Hooded Cowl Knit Sweater S,$4.50 ,$4.88 ,,,,,,,,,,,
,Goodwill Bins N ATX,B0677,Black Faux Leather Asymatrical Clutch Purse,$0.99 ,$1.08 ,,,,,,,,,,,
,Goodwill Bins N ATX,B0678,AEO Distressed cut-off Denim Shorts 2,$0.99 ,$1.08 ,,,,,,,,,,,
,Goodwill Bins N ATX,B0679,Universal Thread High Rise Shortie Denim cut-off Button Fly 6/28R,$0.99 ,$1.08 ,,,,,,,,,,,
5,Goodwill Bins N ATX,B0680,Francesca's Collections Alya Embroidered Floral Blouse L,$0.99 ,$1.08 ,12/20/2021,202112,,,,,,,,,246
12,Goodwill Bins N ATX,B0681,Francesca's Collections Miami Shift Dress Long Sleeve Paisley Boho V-Neck L,$0.99 ,$1.08 ,12/20/2021,202112,,,,,,,,,246
13,Goodwill Bins N ATX,B0682,RYU Boho Crochet Lace Floral Hippie Gypsy Shift Dress M,$0.99 ,$1.08 ,11/12/2021,202111,Poshmark,$24.00 ,$4.80 ,$1.28 ,$17.92 ,$16.84 ,4/28/2022,20224,167
,Goodwill Bins N ATX,B0683,PacSun Mom Jean High Raise Destroyed Denim Button Fly 25,$0.99 ,$1.08 ,,,,,,,,,,,
,Goodwill Bins N ATX,B0684,Free People Lace Sugar Magnolia White Mini Skirt S,$0.99 ,$1.08 ,,,,,,,,,,,
,Goodwill Bins N ATX,B0685,GB Floral Ruffle Palazzo Pants Boho Gypsy Festival Beachwear L,$0.99 ,$1.08 ,,,,,,,,,,,
,Goodwill Bins N ATX,B0686,Nike Dri Fit Pink Running Shorts S,$0.99 ,$1.08 ,Repairing,,,,,,,,,,
,Goodwill Bins N ATX,B0687,Under Armour Heat Gear Compression Capri Pink Breast Cancer L,$0.99 ,$1.08 ,Repairing,,,,,,,,,,
13,Goodwill Bins N ATX,B0688, Anthtro A'reve NWT Boho Lace Long Sleeve Dress Fall Gold M,$0.99 ,$1.08 ,11/12/2021,202111,,,,,,,,,284
WEARING,Goodwill South Lamar ATX,B0691,Ann Taylor LOFT Black and Pink Stripe Wrap Dress,$14.99 ,$16.23 ,Wearing,,,,,,,,,,
14,Goodwill South Lamar ATX,B0692,Zara Basic Floral Black Jumpsuit Tie Belt Deep V-Neck Open Back XS,$14.99 ,$16.23 ,11/12/2021,202111,Poshmark,$20.00 ,$4.00 ,$0.00 ,$16.00 ,($0.23),5/13/2022,20225,182
13,Goodwill South Lamar ATX,B0693,Maeve Anthro Vero Silk Shift Kimono Dress 100% Silk S,$16.99 ,$18.39 ,11/12/2021,202111,Poshmark,$30.00 ,$6.00 ,$1.72 ,$22.28 ,$3.89 ,5/14/2022,20225,183
13,Goodwill South Lamar ATX,B0694,Show Me Your MuMu Ibiza Fiesta Stripe Dress XS,$12.99 ,$14.06 ,11/12/2021,202111,,,,,,,,,284
13,Goodwill South Lamar ATX,B0695,Free People Blue Knit Embroidered Sweater Swing Dress Tunic Bell Sleeve Cold Shoulder S,$11.99 ,$12.98 ,11/12/2021,202111,,,,,,,,,284
13,Goodwill South Lamar ATX,B0696,Alice + Olivia Red Crew Neck Form Fitting Mini Dress Long Sleeve Red 2,$16.99 ,$18.39 ,11/12/2021,202111,,,,,,,,,284
,Goodwill South Lamar ATX,B0697,Citizens of Humanity COH Emannuelle Slim Boot 26,$17.99 ,$19.47 ,,,,,,,,,,,
13,Goodwill South Lamar ATX,B0698,Lilly Pulitzer Sloane Midi Dress Exotic Garden XXS,$16.99 ,$18.39 ,11/12/2021,202111,Poshmark,$80.00 ,$16.00 ,$0.00 ,$64.00 ,$45.61 ,6/21/2022,20226,221
,Goodwill South Lamar ATX,B0700,Lululemon Pack It Up Jacket Smoky Blush 12,$24.99 ,$27.05 ,,,,,,,,,,,
13,Goodwill South Lamar ATX,B0701,Anthro Maeve Pakpao Maxi Floral Dress 0,$24.99 ,$27.05 ,11/12/2021,202111,,,,,,,,,284
4,Goodwill South Lamar ATX,B0703,Vince Chunky Knit Boucle Long-Sleeve Sweater S,$9.99 ,$10.81 ,11/12/2021,202111,,,,,,,,,284
4,Goodwill South Lamar ATX,B0704,Anthro Deletta Sirpo Red Bell Sleeve Faux Wrap V-Neck Burnout Blouse S,$9.99 ,$10.81 ,11/12/2021,202111,Poshmark,$23.00 ,$4.60 ,$1.72 ,$16.68 ,$5.87 ,5/16/2022,20225,185
,Goodwill South Lamar ATX,B0705,Maeve Anthro Eva Wrap Maroon Blouse 8,$11.99 ,$12.98 ,,,,,,,,,,,
4,Goodwill South Lamar ATX,B0706,Anthro Deletta White Lace Panel Top Blouse S,$7.99 ,$8.65 ,11/12/2021,202111,,,,,,,,,284
6,Goodwill South Lamar ATX,B0707,Cloth & Stone Summersong Chambray Sleeveless Top XS,$4.99 ,$5.40 ,2/27/2022,20222,,,,,,,,,177
4,Goodwill South Lamar ATX,B0708,Anthro Tiny NWT Gardenia Lace Front Top White S,$14.99 ,$16.23 ,11/12/2021,202111,,,,,,,,,284
6,Goodwill South Lamar ATX,B0709,Anthropologie Weekend Bicycle T-Shirt S,$9.99 ,$10.81 ,2/27/2022,20222,Wearing,,,,,,,,177
13,Goodwill South Lamar ATX,B0710,Madewell Scatter Block Tassel Shift Dress NWT S,$16.99 ,$18.39 ,2/27/2022,20222,,,,,,,,,177
13,Goodwill South Lamar ATX,B0711,Show Me Your MuMu Em Olive Green & Cream Swing Dress Medallion S,$12.99 ,$14.06 ,11/12/2021,202111,,,,,,,,,284
13,Goodwill South Lamar ATX,B0712,Faithfull the Brand Supreme Orange Bermuda Dress Wrap S,$14.99 ,$16.23 ,2/27/2022,20222,,,,,,,,,177
13,Goodwill South Lamar ATX,B0713,Madewell Pleated Floral Mini Dress Sleeveless 4,$14.99 ,$16.23 ,11/12/2021,202111,Poshmark,$30.00 ,$6.00 ,$0.00 ,$24.00 ,$7.77 ,2/18/2022,20222,98
13,Goodwill South Lamar ATX,B0714,Anthro Uncle Frank Southwestern Aztec Dress XS,$12.99 ,$14.04 ,11/12/2021,202111,,,,,,,,,284
WEARING,Clothes Mentor Selma,B0715,Brown belt,$6.00 ,$6.50 ,Wearing,,,,,,,,,,
WEARING,Clothes Mentor Selma,B0716,Brown belt,$6.00 ,$6.50 ,Wearing,,,,,,,,,,
WEARING,Clothes Mentor Selma,B0717,Cynthia Rowely Black Bell Sleeve Morino Wool Sweater ,$14.00 ,$15.16 ,Wearing,,,,,,,,,,
,Clothes Mentor Selma,B0718,Reebok Long Sleeve Running Shirt Grey,$14.00 ,$15.16 ,,,,,,,,,,,
WEARING,Clothes Mentor Selma,B0719,Blue Athletic Quarter Zip Pullover,$13.00 ,$14.07 ,Wearing,,,,,,,,,,
WEARING,Clothes Mentor Selma,B0720,Old Navy Purple Athletic Quarter Zip Pullover,$10.00 ,$10.83 ,Wearing,,,,,,,,,,
5,Clothes Mentor Selma,B0721,Entro Boho Tunic Topic Lace Crochet 3/4 Sleeves S,$5.50 ,$5.95 ,12/19/2021,202112,,,,,,,,,247
6,Clothes Mentor Selma,B0722,ModCloth White Sleeveless Blouse Tank XXS,$4.50 ,$4.87 ,3/1/2022,20223,,,,,,,,,175
,Clothes Mentor Selma,B0723,Dip Black Tank XS,$2.00 ,$2.17 ,,,,,,,,,,,
5,Clothes Mentor Selma,B0724,Violet + Claire Floral Boho Bell Sleeve Top L,$4.50 ,$4.87 ,12/19/2021,202112,,,,,,,,,247
5,Clothes Mentor Selma,B0725,Umgee Boho Embroidered Floral Maroon Tunic Top NWT M,$6.50 ,$7.04 ,12/19/2021,202112,Poshmark,$34.00 ,$6.80 ,$1.72 ,$25.48 ,$18.44 ,8/17/2022,20228,241
5,Clothes Mentor Selma,B0726,Entro Boho Tassel Hippie Blouse S,$5.50 ,$5.95 ,12/20/2021,202112,,,,,,,,,246
5,Clothes Mentor Selma,B0727,The North Face NWT Striped Tank XS,$6.50 ,$7.04 ,12/19/2021,202112,,,,,,,,,247
5,Clothes Mentor Selma,B0728,The Limited Blush Peplum Top XS,$4.50 ,$4.87 ,12/19/2021,202112,,,,,,,,,247
5,Clothes Mentor Selma,B0729,Philosophy Sheer Floral Long Sleeve Blouse S,$5.50 ,$5.95 ,12/18/2021,202112,,,,,,,,,248
5,Clothes Mentor Selma,B0730,She + Sky Faux Denim Burnout Long Sleeve Blouse L,$5.50 ,$5.95 ,12/18/2021,202112,,,,,,,,,248
WEARING,Clothes Mentor Selma,B0731,Reebok Logo Tank Cut Out Back M,$10.00 ,$10.83 ,Wearing,,,,,,,,,,
1,Clothes Mentor Selma,B0732,Altar'd State Knit High Low Sweater Crew Neck M,$7.00 ,$7.58 ,12/18/2021,202112,,,,,,,,,248
1,Clothes Mentor Selma,B0733,Free People Down By The Bay Boho Oversized Mixed Floral Print Tunic XS,$7.00 ,$7.58 ,12/16/2021,202112,,,,,,,,,250
1,Clothes Mentor Selma,B0734,Free People Tunic Top Blouse Plaid Pockets 0,$7.00 ,$7.58 ,12/18/2021,202112,,,,,,,,,248
5,Clothes Mentor Selma,B0735,Cabi Merrow Edge Floral Tank Blouse Orange #268 S ,$4.50 ,$4.87 ,12/20/2021,202112,Poshmark,$21.25 ,$4.25 ,$0.00 ,$17.00 ,$12.13 ,3/20/2022,20223,90
5,Clothes Mentor Selma,B0736,Express Printed V Neck Blouse XS,$5.00 ,$5.41 ,12/18/2021,202112,,,,,,,,,248
,Clothes Mentor Selma,B0737,Pilcro and the Letterpress Anthro Juni Ruffled Denim Button Down Shirt XSP,$7.00 ,$7.58 ,12/17/2021,202112,,,,,,,,,249
5,Clothes Mentor Selma,B0738,Fabletics Bishop Tank Draped XS,$6.00 ,$6.50 ,12/16/2021,202112,Poshmark,$21.25 ,$4.25 ,$0.00 ,$17.00 ,$10.51 ,3/20/2022,20223,94
2,Clothes Mentor Selma,B0739,Reebok Racerback Heathered Grey Tank XS,$5.00 ,$5.41 ,6/19/2022,20226,,,,,,,,,65
WEARING,Clothes Mentor Selma,B0740,Adidas Climalite High Waist 7/8 Heathered Grey Legging S,$7.00 ,$7.58 ,Wearing,,,,,,,,,,
WEARING,Clothes Mentor Selma,B0741,Zella High Waist Capri Legging Heathered Grey S,$6.00 ,$6.50 ,Wearing,,,,,,,,,,
,Clothes Mentor Selma,B0742,COH by Jerome Dahan 27 Black High Waist Straight Leg Jeans,$9.00 ,$9.74 ,,,,,,,,,,,
5,Clothes Mentor Selma,B0743,Akemi + Kin Anthropologie NWT Cream Embroidered Merewen Peasant Blouse L,$9.00 ,$9.74 ,12/16/2021,202112,Poshmark,$37.00 ,$7.40 ,$0.00 ,$29.60 ,$19.86 ,4/4/2022,20224,109
,Goodwill Cibolo,B0744,Merrell Trail Sisters Vibram QForm2 10,$12.74 ,$13.79 ,,,,,,,,,,,
,Goodwill Cibolo,B0745,Adidas Climalite Grey Men's Running Shorts M,$2.65 ,$2.87 ,,,,,,,,,,,
13,Goodwill Cibolo,B0746,Umgee NWT Floral Midi Faux Wrap Boho Dress M,$7.22 ,$7.82 ,2/26/2022,20222,,,,,,,,,178
6,Goodwill Cibolo,B0747,Francesca's Blue Rain Vertical Stripe Off Shoulder Top S,$4.50 ,$4.87 ,2/24/2022,20222,,,,,,,,,180
7,Goodwill Cibolo,B0748,Entro Polka Dot Lace Babydoll Top Boho L,$2.65 ,$2.87 ,5/11/2022,20225,Poshmark,$19.00 ,$3.80 ,$0.00 ,$15.20 ,$12.33 ,5/13/2022,20225,2
6,Goodwill Cibolo,B0749,AEO Embroidred Floral Crop Peasant Boho Top M,$4.50 ,$4.87 ,2/26/2022,20222,,,,,,,,,178
6,Goodwill Cibolo,B0750,Torrid Black Dolman Sleeve Button Down Short Sleeve Top Plus Size 14/16 1X,$4.50 ,$4.87 ,2/26/2022,20222,,,,,,,,,178
7,Goodwill Cibolo,B0751,Tie Dye Polaroid Graphic Crop T Shirt M,$2.80 ,$3.03 ,5/11/2022,20225,,,,,,,,,104
7,Goodwill Cibolo,B0752,MTV Graphic T Shirt S,$2.80 ,$3.03 ,5/11/2022,20225,,,,,,,,,104
WEARING,Goodwill Cibolo,B0753,Madewell Daisy Dots button Front Tie Tank Floral L,$4.50 ,$4.87 ,Wearing,,,,,,,,,,
6,Goodwill Cibolo,B0754,Philosophy Black Cap Sleeve Lace Top XS,$4.50 ,$4.87 ,2/26/2022,20222,,,,,,,,,178
,Goodwill Cibolo,B0755,Love PINK NWT Yoga High Waist Full Length Legging S,$4.50 ,$4.87 ,,,,,,,,,,,
14,Goodwill Cibolo,B0756,Elizabeth and James NWT Olive Green Utility Jumpsuit XL,$7.22 ,$7.82 ,5/11/2022,20225,,,,,,,,,104
6,Goodwill Cibolo,B0757,Umgee NWT Animal Print Top S,$4.50 ,$4.87 ,2/26/2022,20222,,,,,,,,,178
7,Goodwill Cibolo,B0758,ModCloth White Sleeveless Blouse Tank Animal Print Plus Size 3X,$4.50 ,$4.87 ,5/11/2022,20225,,,,,,,,,104
,Goodwill Cibolo,B0759,THML Floral Boho Maxi Dress M,$7.22 ,$7.82 ,2/26/2022,20222,Poshmark,$25.00 ,$5.00 ,$0.00 ,$20.00 ,$12.18 ,3/9/2022,20223,11
,Goodwill Cibolo,B0760,Athleta Martinique Dress Abstract Boho Print M,$7.22 ,$7.82 ,,,,,,,,,,,
WEARING,Goodwill Cibolo,B0761,Express Animal Print Button Tie Front Crop Tank Top XS,$4.50 ,$4.87 ,Wearing,,,,,,,,,,
15,Goodwill Cibolo,B0762,Altar'd State Off Shoulder Crop Boho Blouse S,$4.50 ,$4.87 ,5/13/2022,20225,,,,,,,,,102
,Goodwill Cibolo,B0763,AEO Curvy High Rise Shortie Denim Cut Off High Waisted Shorts 9,$2.65 ,$2.87 ,,,,,,,,,,,
,Goodwill Cibolo,B0764,AEO High Rise Shortie Denim Cut Off High Waisted Shorts 10,$2.65 ,$2.87 ,,,,,,,,,,,
,Goodwill Cibolo,B0765,Men's Running Shorts,$2.65 ,$2.87 ,Damaged,,Damaged,,,,,,2/16/2022,20222,
,Goodwill Cibolo,B0766,Men's Sweatpants,$4.50 ,$5.83 ,Damaged,,Damaged,,,,,,2/16/2022,20222,
???,Closet,B0767,Francesca's Miami Dolman Sleeve Long Sleeve Tunic Top M,$0.00 ,$0.00 ,,,,,,,,,,,
,Closet,B0768,Pink Lily C'Esttoi Quilted Vest Faux Fur Lined M,$0.00 ,$12.52 ,2/26/2022,20222,Poshmark,$19.00 ,$3.80 ,$2.68 ,$12.52 ,$0.00 ,3/23/2022,20223,25
6,Closet,B0769,Ann Taylor XS Petite Sleevless Printed Blouse,$0.00 ,$0.00 ,2/25/2022,20222,,,,,,,,,179
,Closet,B0770,Ann Taylor Purple Sleeveless Faux Wrap Dress S Petite,$0.00 ,$23.08 ,2/25/2022,20222,Poshmark,$31.00 ,$6.20 ,$1.72 ,$23.08 ,$0.00 ,3/3/2022,20223,6
13,Closet,B0771,Allen B Bodycon Long Sleeved Dress XS,$0.00 ,$0.00 ,2/25/2022,20222,,,,,,,,,179
6,Closet,B0772,Columbia 1/4 Zip Pink Fleece Pullover S,$0.00 ,$0.00 ,2/24/2022,20222,,,,,,,,,180
,Goodwill Cibolo,B0773,Cocobelle Anthro Bhea Leather Slide Sandals 6,$6.37 ,$6.90 ,,,,,,,,,,,
,Goodwill Cibolo,B0774,Fabletics AISHA Seamless Athletic Tank Est. Size M,$2.65 ,$2.87 ,,,,,,,,,,,
,Goodwill Cibolo,B0775,Fabletics Autumn Tank Olive Green M,$2.65 ,$2.87 ,,,,,,,,,,,
,Goodwill Cibolo,B0776,Peleton Unisex Gray Logo Muscle Tank M,$4.50 ,$4.87 ,,,,,,,,,,,
,Goodwill Cibolo,B0777,Lucky Brand Blue Tank S,$4.50 ,$4.87 ,,,,,,,,,,,
,Goodwill Cibolo,B0778,Blu Pepper Striped Knit Tank Tie Front Boho L,$2.65 ,$2.87 ,,,,,,,,,,,
,Goodwill Cibolo,B0779,Anthro Eden & Olivia Tank Top Cactus Print L,$4.50 ,$4.87 ,,,,,,,,,,,
,Goodwill Cibolo,B0780,Express NWT Black Racerback Top Sequin Embellishment L,$4.50 ,$4.87 ,,,,,,,,,,,
,Goodwill Cibolo,B0781,Entro Embroidered Floral Tank Top Boho Blouse M,$2.65 ,$2.87 ,,,,,,,,,,,
,Goodwill Cibolo,B0782,E&M Mustard Scalloped Top Embroidered Boho Floral S,$2.65 ,$2.87 ,,,,,,,,,,,
,Goodwill Cibolo,B0783,AEO Essentials Strappy Velvet Crop Tank Top S,$4.50 ,$4.87 ,,,,,,,,,,,
,Goodwill Cibolo,B0784,Pebble and Stone Anthropologie Striped Floral Embroidered Top XS,$4.50 ,$4.87 ,,,,,,,,,,,
,Goodwill Cibolo,B0785,THML Boho Embroidered Tassel Striped Top 100% Cotton XS,$4.50 ,$4.87 ,,,,,,,,,,,
,Goodwill Cibolo,B0786,AEO Floral Embroidered Boho Top XS,$4.50 ,$4.87 ,Unlisted,,,,,,,,,,
,Goodwill Cibolo,B0787,Madewell Oversized Dip Dye Lakeline Popover Dolman Sleeve Top Ombre XXS,$2.65 ,$2.87 ,,,,,,,,,,,
,Goodwill Cibolo,B0788,Madewell Oatmeal Tunic Top S,$2.65 ,$2.87 ,,,,,,,,,,,
,Goodwill Cibolo,B0789,J. Jill 100% Silk Cream Sleeveless Top M Petite,$4.50 ,$4.87 ,,,,,,,,,,,
,Goodwill Cibolo,B0790,Monteau NWOT Floral Boho Midi Ruffle Dress Wood Buttons L,$7.22 ,$7.82 ,,,,,,,,,,,
,Goodwill Cibolo,B0791,Francesca's Collections Alya Printed Jumpsuit M,$7.22 ,$7.82 ,,,,,,,,,,,
,Goodwill Cibolo,B0792,J. Jill 100% Cotton Spring White Top Tassel M Petite,$4.50 ,$4.87 ,,,,,,,,,,,
,Goodwill Cibolo,B0793,J. Jill 100% Silk Black Sleeveless Top M Petitie,$4.50 ,$4.87 ,,,,,,,,,,,
,Goodwill Cibolo,B0794,J. Jill Chambray Sleeveless Top M Petite,$2.80 ,$3.03 ,,,,,,,,,,,
,Goodwill Cibolo,B0795,Pleione Anthro Short Sleeve Blouse Gray XS,$2.65 ,$2.87 ,,,,,,,,,,,
,Goodwill Cibolo,B0796,J. Jill Red Sleeveless Blouse Buttons M Petite,$4.50 ,$4.87 ,,,,,,,,,,,
WEARING,Goodwill Cibolo,B0797,SMPLFD Clothing retro logo crop tank S,$2.65 ,$2.87 ,Wearing,,,,,,,,,,
,Goodwill Cibolo,B0798,J. Jill Wearever Collection Floral Print Midi Dress M Petite,$4.25 ,$4.60 ,,,,,,,,,,,
,Goodwill Cibolo,B0799,Cloth & Stone Anthro Sunburst Vertical Stripe Button Down Linen Blend Dress M,$4.25 ,$4.60 ,,,,,,,,,,,
,Goodwill Cibolo,B0800,Miami Floral Long Sleeved Baby Doll Dress XS,$2.65 ,$2.87 ,,,,,,,,,,,
,Goodwill Cibolo,B0801,Armani Exchange Grey T-Shirt XS,$2.65 ,$2.87 ,,,,,,,,,,,
,Goodwill Cibolo,B0802,Pleione Anthro Navy Blue Pleated Back Short Sleeved Top S,$4.50 ,$4.87 ,,,,,,,,,,,
,Goodwill Cibolo,B0803,American Rag Semi Sheer Boho Floral Tunic Top L,$2.65 ,$2.87 ,,,,,,,,,,,
,Goodwill Cibolo,B0804,Paper Crane Boho Embroidered Shift Dress S,$4.25 ,$4.60 ,,,,,,,,,,,
,Goodwill Cibolo,B0805,Lululemon Love Crew III Yachtie Stripe Cassis White T Shirt 6,$4.50 ,$4.87 ,,,,,,,,,,,
,Goodwill Cibolo,B0806,Caution to the Wind Vertical Stripe Wrap Midi Dress S,$7.22 ,$7.82 ,,,,,,,,,,,
,Goodwill Cibolo,B0807,Zara TRF Collection Animal Print Long Sleeve V-Neck Dress S,$4.25 ,$4.60 ,,,,,,,,,,,
2,Goodwill Cibolo,B0808,Zella Red Muscle Tank Cut Out Back S,$2.65 ,$2.87 ,6/23/2022,20226,,,,,,,,,61
,Goodwill Cibolo,B0809,Lulu's NWT White Polka Dot Wrap Mini Dress S,$4.50 ,$4.87 ,,,,,,,,,,,
,Goodwill Cibolo,B0810,French Laundry Embroidered Boho Floral Blouse L,$4.50 ,$4.87 ,,,,,,,,,,,
,Goodwill Cibolo,B0811,Sweet Wanderer NWT Stripe Color Block Top L,$2.65 ,$2.87 ,,,,,,,,,,,
15,Goodwill Cibolo,B0812,Fabletics Lilac Loretta Muscle High Low Tank S,$4.50 ,$4.87 ,5/13/2022,20225,,,,,,,,,102
,Goodwill Cibolo,B0813,Harve Benard Black Semi-Sheer Short Sleeve Top L,$2.80 ,$3.03 ,,,,,,,,,,,
,Goodwill Cibolo,B0814,Francesca's Collections Lace Mint Green Sleevless Shift Dress M,$7.22 ,$7.82 ,,,,,,,,,,,
,Goodwill Cibolo,B0815,Express Lace Cap Sleeve High Neck Cut-out Back Top M,$4.50 ,$4.87 ,,,,,,,,,,,
,Goodwill Cibolo,B0816,MTV Graphic T Shirt M,$2.65 ,$2.87 ,,,,,,,,,,,
,Goodwill Cibolo,B0817,Torrid Super Soft Knits Floral Top Plus Size 1x 14/16,$4.50 ,$4.87 ,,,,,,,,,,,
,Goodwill Cibolo,B0818,Anthropologie Blue Knit Oversized V-Neck T Shirt M,$2.65 ,$2.87 ,,,,,,,,,,,
,Goodwill Cibolo,B0819,Aerie Striped Burnout Tie Dye Pink Boxy Crop T Shirt M,$2.65 ,$2.87 ,,,,,,,,,,,
,Goodwill Cibolo,B0820,Torried Faux Wrap Ribbed Knit Short Sleeve Top V-Neck Plus Size 3X 22/24,$4.50 ,$4.87 ,,,,,,,,,,,
,Goodwill Cibolo,B0821,Livi Active Blue Crew Neck T Shirt Plus Size 18/20,$2.65 ,$2.87 ,,,,,,,,,,,
,Goodwill Cibolo,B0822,Retrology Blue Striped Tie Front Short Sleeve Top Plus Size 1X,$4.50 ,$4.87 ,,,,,,,,,,,
,Goodwill Cibolo,B0823,Exofficio Women's Short Sleeve Button Down Hiking Utility Top L,$4.50 ,$4.87 ,,,,,,,,,,,
,Goodwill Cibolo,B0824,AEO Floral Boho Semi-Sheer Ruffle Short Sleeve Top M,$4.50 ,$4.87 ,,,,,,,,,,,
,Goodwill Cibolo,B0825,Meraki Liliac Cold Shoulder Blouse L,$4.50 ,$4.87 ,,,,,,,,,,,
,Goodwill Cibolo,B0826,Meraki Royal Blue Cold Shoulder Blouse L,$4.50 ,$4.87 ,,,,,,,,,,,
,Goodwill Cibolo,B0827,Meraki Blush Pink Cold Shoulder Blouse L,$4.50 ,$4.87 ,,,,,,,,,,,
,Goodwill Cibolo,B0828,Lucky Brand Boho Embroidered Short Sleeve Top M,$4.50 ,$4.87 ,,,,,,,,,,,
,Goodwill Cibolo,B0829,Eden & Olivia Anthro Cold Shoulder Striped Top XL,$2.65 ,$2.87 ,,,,,,,,,,,
,Goodwill Cibolo,B0830,Pure Barre Logo Crop Oversized Off-shoulder Grey Top M,$4.50 ,$4.87 ,,,,,,,,,,,
,Goodwill Cibolo,B0831,Monteau Striped Peplum Short Sleeved Top M,$4.50 ,$4.87 ,,,,,,,,,,,
,Goodwill Cibolo,B0832,Japna Donut Graphic Button Down Short Sleeve Top M,$0.00 ,$0.00 ,,,,,,,,,,,
,Goodwill Cibolo,B0833,We the Free People Sun Dial Dip Dye Top M,$0.00 ,$0.00 ,,,,,,,,,,,
WEARING,Poshmark,B0834,Madewell High Riser Skinny Black Washed Jeans 28,$20.54 ,$26.02 ,Wearing,,,,,,,,,,
WEARING,Poshmark,B0835,Madewell Hillside Daisies Front Tie Top S,$14.46 ,$19.94 ,Wearing,,,,,,,,,,
,Texas Thrift Store,B0836,Anthropologie Geisha Designs NWT Savita Maxi Dress 6,$24.97 ,$27.03 ,2/24/2022,20222,Poshmark,$179.00 ,$39.80 ,$7.67 ,$131.53 ,$104.50 ,3/26/2022,20223,30
15,Texas Thrift Store,B0837,Anthropologie RYU Boho Crochet Lace Tie Back Dress Semi Sheer L,$6.46 ,$6.99 ,5/13/2022,20225,Poshmark,$48.00 ,$9.60 ,$0.00 ,$38.40 ,$31.41 ,8/6/2022,20228,85
15,Texas Thrift Store,B0838,J. Jill Plaid Button Down XL,$2.99 ,$3.24 ,5/13/2022,20225,,,,,,,,,102
15,Texas Thrift Store,B0839,Torrid Animal Print Semi Sheer Ruffle Top Plus Size 22/24 3X,$3.99 ,$4.32 ,5/13/2022,20225,Poshmark,$14.00 ,$2.95 ,$0.00 ,$11.05 ,$6.73 ,5/21/2022,20225,8
,Texas Thrift Store,B0840,White Birch Boho Floral Long Sleeve Top XL,$3.49 ,$3.78 ,3/22/2022,20223,Poshmark,$31.00 ,$6.20 ,$1.72 ,$23.08 ,$19.30 ,5/21/2022,20225,60
15,Texas Thrift Store,B0841,Umgee Paisley Lace 3/4 Sleeve Boho Top L,$2.99 ,$3.24 ,5/13/2022,20225,,,,,,,,,102
,Texas Thrift Store,B0842,A'gaci Cropped Faux Wrap Top M,$3.49 ,$3.78 ,,,,,,,,,,,
,Texas Thrift Store,B0843,VS PINK V Neck Knit Sweater XS,$4.99 ,$5.40 ,Repairing,,,,,,,,,,
15,Texas Thrift Store,B0844,Philosophy Striped Plus Size Long Sleeve Sharkbite Hem Tunic Top L,$2.49 ,$2.70 ,5/13/2022,20225,,,,,,,,,102
13,Texas Thrift Store,B0845,American Rag Boho Floral Tunic/Mini Dress L,$2.99 ,$3.24 ,5/11/2022,20225,,,,,,,,,104
15,Texas Thrift Store,B0846,The Limited Abstract Print Ruffle Button Down Top Balloon Sleeve M,$2.99 ,$3.24 ,5/13/2022,20225,,,,,,,,,102
15,Texas Thrift Store,B0847,Free People Moonlight Mile Print Penny Georgette M,$2.49 ,$2.70 ,6/18/2022,20226,,,,,,,,,66
15,Texas Thrift Store,B0848,AEO Floral Boho Smocked Long Sleeve Top L,$3.99 ,$4.32 ,5/13/2022,20225,,,,,,,,,102
15,Texas Thrift Store,B0849,Lucky Brand Boho Lace Long Sleeve Top Tassle L,$3.99 ,$4.32 ,6/9/2022,20226,,,,,,,,,75
WEARING,Texas Thrift Store,B0850,Nike Pro Dri-Fit White Long Sleeved Running Pullover S,$7.46 ,$8.07 ,Wearing,,,,,,,,,,
15,Texas Thrift Store,B0851,Pleione Floral Lace Long Sleeve Top Ruffle Hem M,$4.99 ,$5.40 ,6/8/2022,20226,,,,,,,,,76
15,Texas Thrift Store,B0852,Maeve The Clarissa High-Low Buttondown 8 NWT,$8.46 ,$9.15 ,5/13/2022,20225,,,,,,,,,102
15,Texas Thrift Store,B0853,Entro Floral Boho Pleated Hem Top L,$6.46 ,$6.99 ,6/8/2022,20226,,,,,,,,,76
15,Texas Thrift Store,B0854,Torrid Harper Multi Dip-Dye Challis pullover Blouse Plus Size 14/16 1X,$3.49 ,$3.78 ,6/9/2022,20226,,,,,,,,,75
15,Texas Thrift Store,B0855,Pleione Royal Blue Long Sleeve Pocket Blouse Top L,$2.99 ,$3.24 ,6/8/2022,20226,,,,,,,,,76
15,Texas Thrift Store,B0856,Shein Floral Long Sleeve Blouse L,$2.99 ,$3.24 ,6/8/2022,20226,,,,,,,,,76
15,Texas Thrift Store,B0857,Ecote UO Long Sleeve Lace Hem Semi Sheer Top L,$2.49 ,$2.70 ,6/7/2022,20226,,,,,,,,,77
15,Texas Thrift Store,B0858,Umgee Boho Split Sleeve Top L,$4.99 ,$5.40 ,6/8/2022,20226,,,,,,,,,76
15,Texas Thrift Store,B0859,Olive & Oak Plaid Button Down L,$3.49 ,$3.78 ,6/7/2022,20226,,,,,,,,,77
15,Texas Thrift Store,B0860,Lily White Roll Tab Sleeve Polka Dot Top L,$2.49 ,$2.70 ,5/13/2022,20225,,,,,,,,,102
15,Texas Thrift Store,B0861,Shein Curve Animal Print Orange Plus Size 2XL,$2.99 ,$3.24 ,6/5/2022,20226,,,,,,,,,79
15,Texas Thrift Store,B0862,Shein Floral Long Sleeve Faux Wrap Blouse L,$4.99 ,$5.40 ,5/13/2022,20225,,,,,,,,,102
15,Texas Thrift Store,B0863,Ann Taylor Floral Long Sleeve Blouse L,$3.49 ,$3.78 ,6/7/2022,20226,Poshmark,$34.00 ,$6.80 ,$1.72 ,$25.48 ,$21.70 ,6/8/2022,20226,1
15,Texas Thrift Store,B0864,Anthro Fig & Flower Paisley Boho Tunic Top M,$2.99 ,$3.24 ,6/7/2022,20226,,,,,,,,,77
15,Texas Thrift Store,B0865,Anthro Fig & Flower Boho Top Lace Petite M,$3.49 ,$3.78 ,6/7/2022,20226,,,,,,,,,77
15,Texas Thrift Store,B0866,Shein Long Sleeve Top Color Block Animal Print L,$4.99 ,$5.40 ,6/6/2022,20226,,,,,,,,,78
15,Texas Thrift Store,B0867,Athleta Pose Marled Blue Open Back Top M,$2.49 ,$2.70 ,6/6/2022,20226,,,,,,,,,78
15,Texas Thrift Store,B0868,Ann Taylor Peplum Short Sleeve Knit Sweater M,$2.99 ,$3.24 ,5/13/2022,20225,,,,,,,,,102
7,Texas Thrift Store,B0869,Entro Floral Paisley Boho Dolman Sleeve Top M,$2.49 ,$2.70 ,5/11/2022,20225,Poshmark,$16.00 ,$3.20 ,$0.00 ,$12.80 ,$10.10 ,5/14/2022,20225,3
15,Texas Thrift Store,B0870,Blu Pepper NWOT Boho Paisley Floral Button Down Top M,$3.49 ,$3.78 ,6/5/2022,20226,,,,,,,,,79
7,Texas Thrift Store,B0871,HD in Paris Anthropologie Sketched Rosemallow Top 8,$8.46 ,$9.15 ,5/11/2022,20225,,,,,,,,,104
,Texas Thrift Store,B0872,The Limited Boho Abstract Print Top M,$4.99 ,$5.40 ,,,,,,,,,,,
,Texas Thrift Store,B0873,Sanctuary Boho Abstract Print Top M (Estimated Size),$4.99 ,$5.40 ,,,,,,,,,,,
7,Texas Thrift Store,B0874,Umgee Plaid Button Down Lace Hem M,$2.99 ,$3.24 ,5/11/2022,20225,Poshmark,$20.00 ,$4.00 ,$0.00 ,$16.00 ,$12.76 ,7/30/2022,20227,80
,Texas Thrift Store,B0875,Nanette Lepore Red Lace Blouse S,$3.49 ,$3.78 ,,,,,,,,,,,
,Texas Thrift Store,B0876,Pleione Paisley Boho Top XS,$2.99 ,$3.24 ,,,,,,,,,,,
15,Texas Thrift Store,B0877,Lucky Brand Sweater Dip Dye M,$2.99 ,$3.24 ,6/6/2022,20226,,,,,,,,,78
7,Texas Thrift Store,B0878,Torrid Hacci Dolman Cardigan Sweater Mauve Pink Plus Size 1X 14/16,$3.49 ,$3.78 ,5/11/2022,20225,,,,,,,,,104
7,Texas Thrift Store,B0879,Maeve The Clarissa High-Low Buttondown Shirt Embroidered Stripe 6,$6.46 ,$6.99 ,5/11/2022,20225,,,,,,,,,104
15,Texas Thrift Store,B0880,Umgee Chambray Button Down Tie Front M,$4.99 ,$5.40 ,6/6/2022,20226,,,,,,,,,78
15,Texas Thrift Store,B0881,Torrid Semi-Sheer Rose Floral Lace Top Plus Size 3X 22/24,$3.49 ,$3.78 ,5/13/2022,20225,,,,,,,,,102
7,Texas Thrift Store,B0882,Umgee Plaid Button Down Raw Hem Tunic Top Plus Size 2XL,$4.99 ,$5.40 ,5/11/2022,20225,Poshmark,$24.00 ,$4.80 ,$1.72 ,$17.48 ,$12.08 ,5/13/2022,20225,2
7,Texas Thrift Store,B0883,Entro Boho Bell Sleeve Crinkle Top S,$6.46 ,$6.99 ,5/11/2022,20225,,,,,,,,,104
,Texas Thrift Store,B0884,Francesca's Sweet Journey NWT Knit Sleeveless Cardigan Tassels L,$6.46 ,$6.99 ,,,,,,,,,,,
WEARING,Texas Thrift Store,B0885,AEO Soft & Sexy Plush Knit Top XS,$2.49 ,$2.70 ,Wearing,,,,,,,,,,
7,Texas Thrift Store,B0886,Lavender Fields Tie Die Knotted Front Long Sleeve Top S,$2.49 ,$2.70 ,5/11/2022,20225,,,,,,,,,104
7,Texas Thrift Store,B0887,Express Plaid Checked Top S,$2.99 ,$3.24 ,5/11/2022,20225,,,,,,,,,104
7,Texas Thrift Store,B0888,L.L. Bean Pima Cotton Cowl Neck Top M,$2.49 ,$2.70 ,5/11/2022,20225,,,,,,,,,104
7,Texas Thrift Store,B0889,Halogen Ribbed Crew Neck Sweater Black S,$4.99 ,$5.40 ,5/11/2022,20225,,,,,,,,,104
,Texas Thrift Store,B0890,Umgee Floral Lace Embroidered Tunic Top Plus Size 1XL,$3.49 ,$3.78 ,,,,,,,,,,,
,Texas Thrift Store,B0891,Op Black Henley M,$2.49 ,$2.70 ,,,,,,,,,,,
,Texas Thrift Store,B0892,Altar'd State Long Sleeve Mini Dress XS,$6.46 ,$6.99 ,,,,,,,,,,,
15,Texas Thrift Store,B0893,Miami Francesca's Off-Shoulder Lace Top S,$2.99 ,$3.24 ,5/13/2022,20225,,,,,,,,,102
7,Texas Thrift Store,B0894,Cabi #5402 Orange Hangout Tank Top S,$1.99 ,$2.15 ,5/11/2022,20225,,,,,,,,,104
7,Texas Thrift Store,B0895,Fig & Flower Anthro Floral Boho Top M,$3.99 ,$4.32 ,5/11/2022,20225,,,,,,,,,104
7,Texas Thrift Store,B0896,Shein Curve Vertical Stripe Top Plus Size 3XL,$2.99 ,$3.24 ,5/11/2022,20225,,,,,,,,,104
,Texas Thrift Store,B0897,ChicSoul.com Boutique Color Block Stripe Knit Top Plus Size 1XL,$2.49 ,$2.70 ,,,,,,,,,,,
,Texas Thrift Store,B0898,Joe's Jeans Provocateur High Rise Boot Cut Ryder Wash 25,$4.99 ,$5.40 ,,,,,,,,,,,
,Texas Thrift Store,B0899,AEO High Rise Jegging Destroyed Light Wash Next Level Stretch 4 Short,$4.99 ,$5.40 ,,,,,,,,,,,
15,Texas Thrift Store,B0900,Cloth & Stone Flannel Plaid Top Raw Hem M,$3.99 ,$4.32 ,6/6/2022,20226,,,,,,,,,78
,Texas Thrift Store,B0901,Maeve Anthro Lilorne Floral Stripe Top 2,$4.99 ,$5.40 ,,,,,,,,,,,
WEARING,Texas Thrift Store,B0902,White Braid Belt,$1.76 ,$1.90 ,Wearing,,,,,,,,,,
WEARING,Texas Thrift Store,B0903,Black Braid Belt,$1.76 ,$1.90 ,Wearing,,,,,,,,,,
WEARING,Poshmark,B0904,Lululemon wunder under high rise 7/8 tight size 4,$49.45 ,$49.45 ,Wearing,,,,,,,,,,
15,Poshmark,B0905,Black Lululemon Top with Open Back S,$35.38 ,$35.38 ,5/13/2022,20225,Poshmark,$31.00 ,$6.20 ,$1.72 ,$23.08 ,($12.30),7/31/2022,20227,79
WEARING,Poshmark,B0906,Lululemon Wunder Under High Rise 7/8 Leggings Magnetized Jacquard size 4,$58.11 ,$58.11 ,Wearing,,,,,,,,,,
WEARING,Poshmark,B0907,Lululemon Black Energy Bra M,$35.38 ,$35.38 ,Wearing,,,,,,,,,,
2,Poshmark,B0908,"LULULEMON Lavender Racerback Tank, Size XS",$16.22 ,$16.22 ,6/19/2022,20226,,,,,,,,,65
WEARING,Poshmark,B0909,Clarks Mary Jane Shoes 6.5,$35.38 ,$35.38 ,Wearing,,,,,,,,,,
WEARING,Poshmark,B0910,Steve Madden Troopa Combat Leather Zip Up Boots 6.5,$27.80 ,$27.80 ,Wearing,,,,,,,,,,
,Poshmark,B0911,Madewell Boardwalk woven sandals 6.5,$21.11 ,$21.11 ,5/16/2022,20225,,,,,,,,,99
,Poshmark,B0912,Baublebar crawler earrings,$12.11 ,$12.11 ,5/16/2022,20225,,,,,,,,,99
WEARING,Poshmark,B0913,lululemon Align Pant High Waist 7/8 size 4,$64.95 ,$64.95 ,Wearing,,,,,,,,,,
WEARING,Goodwill Cibolo,B0914,Hollister Skinny Fit Epic Flex Destroyed Jeans W28 L30,$7.22 ,$7.82 ,Wearing,,,,,,,,,,
WEARING,Goodwill Cibolo,B0915,Massimo Dutti Green Silk Cashmere Tank S,$4.50 ,$4.87 ,Wearing,,,,,,,,,,
WEARING,Goodwill Cibolo,B0916,Columbia Fleece Zip Up Grey M,$4.50 ,$4.87 ,Wearing,,,,,,,,,,
WEARING,Goodwill Cibolo,B0917,Champion Windbreaker Running Jacket Zip up S,$4.50 ,$4.87 ,Wearing,,,,,,,,,,
WEARING,Goodwill Cibolo,B0918,Hollister Cropped Dolman Sleeve Crew Neck Sweater Blush XS,$4.50 ,$4.87 ,Wearing,,,,,,,,,,
WEARING,Goodwill Cibolo,B0919,AEO V-Neck Cable Knit Sweater Tan XS,$2.65 ,$2.86 ,Wearing,,,,,,,,,,
WEARING,Goodwill Cibolo,B0920,AEO Plaid Flannet Button down Classic Fit XS,$2.65 ,$2.86 ,Wearing,,,,,,,,,,
WEARING,Goodwill Cibolo,B0921,Anthro Cloth & Stone Plaid Elastic Waist Top S,$4.50 ,$4.87 ,Wearing,,,,,,,,,,
WEARING,Goodwill Cibolo,B0922,AEO Metallic Black/Silver Crew Neck Sweatshirt S,$2.65 ,$2.87 ,Wearing,,,,,,,,,,
15,Goodwill Cibolo,B0923,Lucky Brand Chunky Cable Knit Wool Blend Crew Neck Tan Sweater M,$4.50 ,$4.87 ,5/13/2022,20225,,,,,,,,,102
15,Goodwill Cibolo,B0924,Sienna Sky Peplum Tank Top S,$4.50 ,$4.87 ,5/13/2022,20225,,,,,,,,,102
,Goodwill Cibolo,B0925,Asos NWT Denim Petite High Waist Crop Jeans Destroyed Raw Hem 24W / 26L,$7.22 ,$7.82 ,,,,,,,,,,,
13,Goodwill Cibolo,B0926,Flying Tomato Ivory Boho Lace Dress S,$7.22 ,$7.82 ,5/13/2022,20225,,,,,,,,,102
11,Goodwill Cibolo,B0927,Urban Outfitters NWOT Butterfly Midi Wrap Dress S,$7.22 ,$7.82 ,6/5/2022,20226,,,,,,,,,79
15,Goodwill Cibolo,B0928,AEO Dolman Sleeve Crop Faux Wrap Front Top XL,$4.50 ,$4.87 ,6/5/2022,20226,,,,,,,,,79
15,Goodwill Cibolo,B0929,Philosophy NWT Maxi Jacket Cardigan Shacket XL Dark Heather Grey,$4.50 ,$4.87 ,5/13/2022,20225,Poshmark,$38.00 ,$7.60 ,$0.00 ,$30.40 ,$25.53 ,5/21/2022,20225,8
Washing,Goodwill Cibolo,B0930,Lacoste Sweater Ivory Wool Blend Ruffle Front 36,$4.50 ,$4.87 ,5/13/2022,20225,,,,,,,,,102
15,Goodwill Cibolo,B0931,ASTR the Label Blush Crew Neck Sweater Balloon Sleeve L,$4.50 ,$4.87 ,5/13/2022,20225,Poshmark,$20.00 ,$4.00 ,$0.00 ,$16.00 ,$11.13 ,7/25/2022,20227,73
Depop,Goodwill Cibolo,B0932,JTB Y2K V Neck Paisley Top S,$4.50 ,$4.87 ,5/11/2022,20225,,,,,,,,,104
2,Goodwill Cibolo,B0933,Monteau NWT Floral Top M,$4.50 ,$4.87 ,6/21/2022,20226,,,,,,,,,63
2,Goodwill Cibolo,B0934,Caution to the Wind Flutter Sleeve Lace Boho Top M,$4.50 ,$4.87 ,6/21/2022,20226,,,,,,,,,63
,Goodwill Cibolo,B0935,Express Red Satin Top V Neck XS,$4.50 ,$4.87 ,Washing,,,,,,,,,,
2,Goodwill Cibolo,B0936,Umgee Lace Black Gold Kimono Sheer S/M,$4.50 ,$4.87 ,6/21/2022,20226,,,,,,,,,63
Depop,Goodwill Cibolo,B0937,Black Sequin Elastic Tube Top Y2K,$4.50 ,$4.87 ,5/11/2022,20225,,,,,,,,,104
Depop,Goodwill Cibolo,B0938,Yoki Y2K Ribbed lace up metal grommet long sleeved top M,$4.50 ,$4.87 ,5/11/2022,20225,,,,,,,,,104
Depop,Goodwill Cibolo,B0939,Love Always Y2K Metallic Silver 3/4 Sleeve Top S,$4.50 ,$4.87 ,5/11/2022,20225,,,,,,,,,104
Depop,Goodwill Cibolo,B0940,Moda International Lace Wide Neck Long Sleeve Y2K Blush Top S,$4.50 ,$4.87 ,5/11/2022,20225,,,,,,,,,104
Depop,Goodwill Cibolo,B0941,Victoria's Secret Lace Wide Neck Long Sleeve Y2K Blush Top S,$4.50 ,$4.87 ,5/11/2022,20225,,,,,,,,,104
12,Goodwill Cibolo,B0942,Free Assembly Floral Boho Midi Long Sleeve Dress M,$7.22 ,$7.82 ,6/19/2022,20226,,,,,,,,,65
Depop,Goodwill Cibolo,B0943,Handmade crochet square tassel poncho vintage one size,$4.50 ,$4.87 ,5/11/2022,20225,,,,,,,,,104
2,Goodwill Cibolo,B0944,Altar'd State Olive Green 3/4 sleeve w/lace embellishment M,$4.50 ,$4.87 ,6/21/2022,20226,,,,,,,,,63
15,Goodwill Cibolo,B0945,Vintage VTG St. John by Marie Gray Santana Knit Blue Wrap Sweater Gold Button Detail 6,$4.50 ,$4.87 ,6/5/2022,20226,,,,,,,,,79
15,Goodwill Cibolo,B0946,Free Assembly V-Neck Chunky Knit Sweater Balloon Sleeve M,$2.65 ,$2.87 ,6/18/2022,20226,,,,,,,,,66
15,Goodwill Cibolo,B0947,Nike Dri-Fit Racerback tank XS,$2.65 ,$2.87 ,6/9/2022,20226,,,,,,,,,75
Depop,Goodwill Cibolo,B0948,Live and Let Live Petite Small Y2K 3/4 Sleeve Top Velvet,$2.65 ,$2.87 ,5/11/2022,20225,,,,,,,,,104
15,Goodwill Cibolo,B0949,Torrid Heathered Gray Off Shoulder Sweater Black Trim Plus Size 2X 18/20,$2.65 ,$2.87 ,6/9/2022,20226,,,,,,,,,75
Depop,Goodwill Cibolo,B0950,INC Y2K Paisley Ruched V Neck Top L,$2.65 ,$2.87 ,5/11/2022,20225,,,,,,,,,104
Depop,Goodwill Cibolo,B0951,Y2K Lace Tank with bow ribbon detail M,$2.65 ,$2.87 ,5/11/2022,20225,,,,,,,,,104
Depop,Goodwill Cibolo,B0952,Y2K Strapless Tie Dye Top M,$2.65 ,$2.87 ,5/11/2022,20225,,,,,,,,,104
15,Goodwill Cibolo,B0953,Gianni Bini Textured Crew Neck Sweater Blush S,$2.65 ,$2.87 ,6/9/2022,20226,,,,,,,,,75
,Goodwill Cibolo,B0954,Lucky Brand Plaid Button Down M,$2.65 ,$2.87 ,Damaged,,Damaged,,,,,,5/23/2022,20225,
15,Goodwill Cibolo,B0955,Pleione 3/4 Sleeve Top XS,$2.65 ,$2.87 ,5/13/2022,20225,,,,,,,,,102
15,Goodwill Cibolo,B0956,AEO Boho Floral Sheer Kimono XS/S,$2.65 ,$4.86 ,5/13/2022,20225,,,,,,,,,102
15,Goodwill Cibolo,B0957,LOFT Abstract Print Button Down Roll-tab Sleeve Top S,$4.50 ,$4.87 ,5/13/2022,20225,,,,,,,,,102
,Closet,B0958,Steve Madden Carrson Black Suede Ankle Strap Block Heel Sandal 6.5,$0.00 ,$0.00 ,Unlisted,,,,,,,,,,
,Closet,B0959,Keen Hiking Sandal Pink Blue Grey Women's 6,$0.00 ,$0.00 ,Unlisted,,,,,,,,,,
,Closet,B0960,Nike Free 5.0 TR Fit 5 PRT Women's 6.5,$0.00 ,$0.00 ,Unlisted,,,,,,,,,,
12,Closet,B0961,Express Black Wrap Midi Dress Long Sleeve 3/4,$0.00 ,$0.00 ,6/22/2022,20226,,,,,,,,,62
12,Closet,B0962,Francesca's Collections Lace Mini Dress S,$0.00 ,$0.00 ,6/22/2022,20226,,,,,,,,,62
12,Closet,B0963,Express Black Button Down Dress 4,$0.00 ,$0.00 ,6/19/2022,20226,,,,,,,,,65
2,Closet,B0964,AEO Soft & Sexy Floral Strappy Tank S,$0.00 ,$0.00 ,6/23/2022,20226,,,,,,,,,61
12,Closet,B0965,Banana Republic Fitted Stretchy Black Sleeveless Dress 4P,$0.00 ,$0.00 ,6/21/2022,20226,,,,,,,,,63
,Closet,B0966,Express Chunky Grey Cardigan S,$0.00 ,$0.00 ,Unlisted,,,,,,,,,,
2,Closet,B0967,Under Armour Black Racerback Workout Tank M,$0.00 ,$0.00 ,6/23/2022,20226,,,,,,,,,61
,Poshmark,B0968,Fate NWOT  Janice Cable Knit Turtleneck Sweater S,$22.71 ,$22.71 ,Unlisted,,,,,,,,,,
,Closet,B0969,Anthropologie Moth Carrefour Jacquard Cardigan S,$0.00 ,$0.00 ,Unlisted,,,,,,,,,,
2,Closet,B0970,Free People Semi Sheer Blue Long Cardigan S,$0.00 ,$0.00 ,6/18/2022,20226,,,,,,,,,66
2,Closet,B0971,Sonoma Boho Paisley Sleeveless Blouse XS,$0.00 ,$0.00 ,6/23/2022,20226,,,,,,,,,61
2,Closet,B0972,LOFT Lace Top S,$0.00 ,$0.00 ,6/24/2022,20226,,,,,,,,,60
,Closet,B0973,Express Satin Top XS,$0.00 ,$0.00 ,Unlisted,,,,,,,,,,
,Closet,B0974,Express Satin Top XS,$0.00 ,$0.00 ,Unlisted,,,,,,,,,,
,Closet,B0975,Madewell Velvet Tulip Sleeve Ruffle Blooms Top XS,$0.00 ,$0.00 ,Unlisted,,,,,,,,,,
,Closet,B0976,Sophie Rue Semi Sheer Wrap Long Sleeve Top S,$0.00 ,$0.00 ,Unlisted,,,,,,,,,,
,Closet,B0977,Anthro PEPIN Boho Tassle Blouse S,$0.00 ,$0.00 ,Unlisted,,,,,,,,,,
,Closet,B0978,Living Doll Boho Tank Top XS,$0.00 ,$0.00 ,Unlisted,,,,,,,,,,
,Closet,B0979,Ann Taylor Cowl Neck Abstract Print Short Sleeve Top MP,$0.00 ,$0.00 ,Unlisted,,,,,,,,,,
2,Closet,B0980,Men's Nike Running Pullover 1/4 Zip M,$0.00 ,$0.00 ,6/24/2022,20226,,,,,,,,,60
,Closet,B0981,AEO exposed button fly super hi-rise jegging jeans 4 Short,$0.00 ,$0.00 ,Unlisted,,,,,,,,,,
,Closet,B0982,ASOS Size 2 High Rise Jeans,$0.00 ,$0.00 ,Unlisted,,,,,,,,,,
,Closet,B0983,Pilcro and the Letterpress Anthro Stet Zipper Ankle Jeans 26,$0.00 ,$0.00 ,Unlisted,,,,,,,,,,
,Closet,B0984,AEO Sky High Jegging cut off raw hem shorts 6,$0.00 ,$0.00 ,Unlisted,,,,,,,,,,
,Closet,B0985,Nike Spandex Bootie Shorts Running Dri-Fit S Black,$0.00 ,$0.00 ,Unlisted,,,,,,,,,,
,Closet,B0986,Nike Spandex Bootie Shorts Running Dri-Fit S Neon Yellow,$0.00 ,$0.00 ,Unlisted,,,,,,,,,,
,Closet,B0987,GAP Sexy Boyfriend Short Floral Embroidered Denim 0,$0.00 ,$0.00 ,Unlisted,,,,,,,,,,
12,Closet,B0988,Banana Republic Plaid Button Down Shirt Dress 6 Petite,$0.00 ,$0.00 ,6/18/2022,20226,Poshmark,$20.00 ,$4.00 ,$0.00 ,$16.00 ,$16.00 ,7/28/2022,20227,40
12,Closet,B0989,Express Short Sleeve Sweater Dress Charcoal XS,$0.00 ,$0.00 ,6/23/2022,20226,,,,,,,,,61
12,Closet,B0990,Express Short Sleeve Sweater Dress Maroon XS,$0.00 ,$0.00 ,6/18/2022,20226,,,,,,,,,66
,Closet,B0991,Nike Dri Fit Black Capri Legging High Waist S,$0.00 ,$0.00 ,Unlisted,,,,,,,,,,
,Closet,B0992,Asics Heathered Grey Legging High Waist Black Mesh Panel S,$0.00 ,$0.00 ,Unlisted,,,,,,,,,,
2,Closet,B0993,Express Black Blazer 6,$0.00 ,$0.00 ,6/19/2022,20226,,,,,,,,,65
,Closet,B0994,Silver AIKO Super Stretch Light Wash Denim Shorts 29,$0.00 ,$0.00 ,Unlisted,,,,,,,,,,
,Closet,B0995,Silver AIKO Super Stretch Medium Wash Denim Shorts 28,$0.00 ,$0.00 ,Unlisted,,,,,,,,,,
,Closet,B0996,Universal Thread High Rise Shortie Denim cut-off 2/26R,$0.00 ,$0.00 ,Unlisted,,,,,,,,,,
,Poshmark,B0997,Anthro Akemi + Kin Black Beaded Embroidered Tank S,$25.97 ,$25.97 ,Wearing,,,,,,,,,,
,Poshmark,B0998,Anthropologie Embroidered Tank Top Meadow Rue Cartenga Floral S,$20.23 ,$20.23 ,Wearing,,,,,,,,,,
,Poshmark,B0999,Madewell Modern Linen Tank Top S,$17.21 ,$17.21 ,Wearing,,,,,,,,,,
,Poshmark,B1000,Madewell Ribbed Tank M,$17.21 ,$17.21 ,Wearing,,,,,,,,,,
,Poshmark,C0001,Madewell Ribbed Button-Front Crop Tank S,$17.20 ,$17.20 ,Wearing,,,,,,,,,,
,Closet,C0002,UO Ecote Velvet Floral Hi Low Racerback Top Small,$0.00 ,$0.00 ,Unlisted,,,,,,,,,,
,WhatNot,C0003,Madewell Ivory Boxy Sweater Sz Small,$14.35 ,$14.35 ,,,,,,,,,,,
,WhatNot,C0004,Lululemon Scalloped Racerback Tank,$10.29 ,$10.29 ,,,,,,,,,,,
,WhatNot,C0005,anthro mur mur crop,$10.84 ,$10.84 ,,,,,,,,,,,
,WhatNot,C0006,anthro deletta blouse,$7.04 ,$7.04 ,,,,,,,,,,,
,WhatNot,C0007,Mens Patagonia Grey Zip Up,$18.42 ,$18.42 ,Wearing,,,,,,,,,,
,WhatNot,C0008,Athleta Flurry Base Layer Too Shine Sparkle Top-S,$11.92 ,$11.92 ,,,,,,,,,,,
,WhatNot,C0009,Victorias Secret Black & Pink Check Sleepshirt-S,$8.13 ,$8.13 ,Wearing,,,,,,,,,,
,WhatNot,C0010,Crop Sweater,$13.28 ,$13.28 ,Wearing,,,,,,,,,,
,WhatNot,C0011,Crop Sweater,$11.37 ,$11.37 ,Wearing,,,,,,,,,,
,WhatNot,C0012,Athleta Light Blue Tank Small ,$16.25 ,$16.25 ,Wearing,,,,,,,,,,
,WhatNot,C0013,Athleta Green Tank Small,$11.37 ,$11.37 ,Wearing,,,,,,,,,,
,WhatNot,C0014,purchase from thriftmeetsboutique,$8.13 ,$8.13 ,,,,,,,,,,,
,WhatNot,C0015,purchase from thriftmeetsboutique,$12.46 ,$12.46 ,,,,,,,,,,,
,WhatNot,C0016,Alo Yoga Mauve semi sheer leggings size small ,$23.83 ,$23.83 ,,,,,,,,,,,
,WhatNot,C0017,Reformation Kenna Leopard Print Silk Mini Dress size medium ,$78.49 ,$78.49 ,,,,,,,,,,,
,WhatNot,C0018,Anthropolgie Vineet Bahl Embroidered Boho Blouse - XS Petite ,$23.83 ,$23.83 ,,,,,,,,,,,
,WhatNot,C0019,Madewell Chronicle Texture Pullover Sweater-L ,$13.00 ,$13.00 ,,,,,,,,,,,
,WhatNot,C0020,Abercrombie & Fitch Black & White Printed Crop Top-L ,$7.04 ,$7.04 ,,,,,,,,,,,
,WhatNot,C0021,Madewell Cherry Embroidered Cotton Vneck Tank-XS ,$4.88 ,$4.88 ,Wearing,,,,,,,,,,
,WhatNot,C0022,Madewell top - motherflippingnative,$4.88 ,$4.88 ,,,,,,,,,,,
,WhatNot,C0023,Athleta Tank top - motherflippingnative,$3.80 ,$3.80 ,,,,,,,,,,,
,WhatNot,C0024,Lululemon top  - motherflippingnative,$10.29 ,$10.29 ,,,,,,,,,,,
,WhatNot,C0025,Athleta Sweater - motherflippingnative,$5.97 ,$5.97 ,Wearing,,,,,,,,,,
,WhatNot,C0026,Adidas Sweatshirt  - motherflippingnative,$7.04 ,$7.04 ,,,,,,,,,,,
,WhatNot,C0027,Zara sweater  - motherflippingnative,$9.76 ,$9.76 ,,,,,,,,,,,
,Goodwill Cibolo,C0028,North Face Sherpa Full Zip Up Jacket Women's M,$4.92 ,$4.92 ,,,,,,,,,,,
,Goodwill Cibolo,C0029,FRAME Denim Le Skinny d Jeanne 25 Black Distressed,$7.47 ,$7.47 ,,,,,,,,,,,
,Goodwill Cibolo,C0030,Umgee Long Sleeve Ruffle Blouse S,$4.92 ,$4.92 ,,,,,,,,,,,
,Goodwill Cibolo,C0031,Express Men's Quarter Zip Cardigan Pullover M,$4.92 ,$4.92 ,Wearing,,,,,,,,,,
,Goodwill Cibolo,C0032,Philosophy Ribbed Dolman Sleeve Wide Crop Mock Neck Sweater M,$4.92 ,$4.92 ,,,,,,,,,,,
,Goodwill Cibolo,C0033,AEO Knit Long Sleeve Top Collegiate M,$4.92 ,$4.92 ,,,,,,,,,,,
,Goodwill Cibolo,C0034,Athleta Racer Back Tank S,$4.92 ,$4.92 ,Damaged,,Damaged,,,,,,,,
,Goodwill Cibolo,C0035,Gap Fit Long Sleeved Mesh Top S,$2.90 ,$2.90 ,Wearing,,,,,,,,,,
,Goodwill Cibolo,C0036,AEO Soft & Sexy Jegging T Striped Long Sleeve XS,$2.90 ,$2.90 ,Wearing,,,,,,,,,,
,Goodwill Cibolo,C0037,Abercrombie & Fitch Paisley Green Cap Sleeve Blouse S,$2.90 ,$2.90 ,,,,,,,,,,,
,Goodwill Cibolo,C0038,Urban Outfitters Smocked Crop Long Sleeve Deep V Blouse XS,$2.90 ,$2.90 ,,,,,,,,,,,
,Goodwill Cibolo,C0039,Torrid Cut Out Sweater Green Plus Size 1,$4.92 ,$4.92 ,,,,,,,,,,,
,Goodwill Cibolo,C0040,Zara Pointelle Knit Sweater M NWOT,$4.92 ,$4.92 ,,,,,,,,,,,
,Goodwill Cibolo,C0041,Madewell Cotton Blend Shorts Rust Orange XL,$4.92 ,$4.92 ,,,,,,,,,,,
,Goodwill Cibolo,C0042,Madewell Cotton Short Chambray XL,$4.92 ,$4.92 ,,,,,,,,,,,
Depop,Goodwill Cibolo,C0043,LEI Ashley Lowrise Slim Boot 3 Regular Distressed,$7.47 ,$7.47 ,,,,,,,,,,,
,Goodwill Boutique,C0044,Coach NWT Daisy Print Dress 0,$49.99 ,$54.11 ,,,,,,,,,,,
,Goodwill Boutique,C0045,Coach NWT Daisy Print Dress 6,$49.99 ,$54.11 ,,,,,,,,,,,
,Goodwill Boutique,C0046,Dooney and Bourke Signature Denim Mini Saddle Bag,$29.99 ,$32.46 ,,,,,,,,,,,
,Goodwill Boutique,C0047,Dooney and Bourke Black Nylon Crossbody Purse,$34.99 ,$37.88 ,Wearing,,,,,,,,,,
,Goodwill NW Loop 410,C0048,Abercrombie & Fitch Striped Sweater M,$2.90 ,$3.14 ,Wearing,,,,,,,,,,
,Goodwill NW Loop 410,C0049,Monteau Lace Tank Top S,$2.90 ,$3.14 ,,,,,,,,,,,
,Goodwill NW Loop 410,C0050,Lush Floral Wrap Long Sleeve Blouse M,$2.90 ,$3.14 ,,,,,,,,,,,
,Goodwill NW Loop 410,C0051,Torrid Plus Size Plaid Button Down 4,$5.79 ,$6.27 ,,,,,,,,,,,
,Goodwill NW Loop 410,C0052,Cabi Mosaic Print Layered Tank #250 S,$5.79 ,$6.27 ,,,,,,,,,,,
,Goodwill NW Loop 410,C0053,Monteau Scalloped Sleeveless Blouse M,$5.79 ,$6.27 ,,,,,,,,,,,
,Goodwill NW Loop 410,C0054,Zella Racerback Striped Coral Tank M,$5.79 ,$6.27 ,,,,,,,,,,,
,Goodwill NW Loop 410,C0055,Abercrombie & Fitch Polka Dot Button Down Blouse Short Sleeve Crop Faux Tie M,$5.79 ,$6.27 ,,,,,,,,,,,
,Goodwill NW Loop 410,C0056,Torrid Plus Size Stripe Tank Top 1,$5.79 ,$6.27 ,,,,,,,,,,,
,Goodwill NW Loop 410,C0057,Altar'd State Waffle Knit Long Sleeve Tie Crop Button Down Grey S,$5.79 ,$6.27 ,Wearing,,,,,,,,,,
,Goodwill NW Loop 410,C0058,Umgee Leopard Cheetah Animal Print Short Sleeve Tunic / Mini Dress S,$5.79 ,$6.27 ,,,,,,,,,,,
,Goodwill NW Loop 410,C0059,Altar'd State Crochet Sleeve Top S,$5.79 ,$6.27 ,,,,,,,,,,,
,Goodwill NW Loop 410,C0060,Anthropologie HD in Paris Starflower Wrap Top Silk Blouse 10,$5.79 ,$6.27 ,,,,,,,,,,,
,Goodwill NW Loop 410,C0061,Men's Gap V Neck T Shirt M,$3.79 ,$4.10 ,Wearing,,,,,,,,,,
,Goodwill NW Loop 410,C0062,Torrid Plus Size Plaid Button Down 3,$5.79 ,$6.27 ,,,,,,,,,,,
,Goodwill NW Loop 410,C0063,Athleta Dolman Sleeve Scoop Neck Semi-Sheer Top XS Petite,$5.79 ,$6.27 ,Wearing,,,,,,,,,,
,Goodwill NW Loop 410,C0064,Zara Organic Cotton Racerback Grey Tank M,$5.79 ,$6.27 ,Wearing,,,,,,,,,,
,Goodwill NW Loop 410,C0065,Zara Trafaluc Beaded Halter Top Semi Sheer XS,$5.79 ,$6.27 ,,,,,,,,,,,
,Goodwill NW Loop 410,C0066,Ann Taylor Long Sleeved Floral Blouse L,$5.79 ,$6.27 ,,,,,,,,,,,
,Goodwill NW Loop 410,C0067,Madewell Cropped Balloon Sleeve Top Rust XS,$5.79 ,$6.27 ,,,,,,,,,,,
,Goodwill NW Loop 410,C0068,AEO Jeans (puckered :( ),$8.79 ,$9.52 ,Damaged,,Damaged,,,,,,,,
,Goodwill NW Loop 410,C0069,Torrid Plus Size Stripe Tank Top 1,$5.79 ,$6.27 ,,,,,,,,,,,
,Goodwill Columbia MO,C0070,Patagonia Floral Dress S,$4.99 ,$4.99 ,,,,,,,,,,,
,Goodwill Columbia MO,C0071,Cabi 127 Jubilee Pink Paisley Sleeveless Top S,$4.79 ,$4.79 ,,,,,,,,,,,
,Goodwill Columbia MO,C0072,Free People Floral Embroidered Semi Sheer Tunic Top S,$8.12 ,$8.12 ,,,,,,,,,,,
,Goodwill Columbia MO,C0073,Pins & Needles Anthro Floral Open Back Long Sleeve Romper XS,$5.99 ,$5.99 ,,,,,,,,,,,
,Goodwill Columbia MO,C0074,AEO Black Sleevless Mini Dress M,$5.99 ,$5.99 ,,,,,,,,,,,
,Goodwill Columbia MO,C0075,Umgee Lace Shift Dress Black 3/4 Sleeves M,$5.99 ,$5.99 ,,,,,,,,,,,
,Goodwill Columbia MO,C0076,Altar'd State Romper S,$5.99 ,$5.99 ,,,,,,,,,,,
,Goodwill Columbia MO,C0077,Silence + Noise UO Animal Print Short Sleeve Shift Dress S,$5.99 ,$5.99 ,,,,,,,,,,,
,Goodwill Columbia MO,C0078,asos mint green sleeveless ruffle tiered maxi dress 2,$5.99 ,$5.99 ,,,,,,,,,,,
,Goodwill Columbia MO,C0079,Lulu's brown bodycon mini dress sequin sleevless S,$5.99 ,$5.99 ,,,,,,,,,,,
,Goodwill Columbia MO,C0080,Madewell Pocket T Shirt Striped Crew Neck M,$4.79 ,$4.79 ,Wearing,,,,,,,,,,
,Goodwill Columbia MO,C0081,Pleione Short Sleeve Blouse Embroidered Sleeve XL,$4.79 ,$4.79 ,,,,,,,,,,,
,Goodwill Columbia MO,C0082,asos petite NWT mint green short sleeve midi bodycon dress 4,$5.99 ,$5.99 ,,,,,,,,,,,
,Goodwill Columbia MO,C0083,Torrid Plus Size Black Peplum Top 5,$4.79 ,$4.79 ,,,,,,,,,,,
,Goodwill Columbia MO,C0084,AEO Sleevless Abstract Boho Mini Dress 2,$5.99 ,$5.99 ,,,,,,,,,,,
,Goodwill Columbia MO,C0085,Anthro W5 NWT Striped Ruffle Sleeve Top L,$4.79 ,$4.79 ,,,,,,,,,,,
,Goodwill Columbia MO,C0086,Francesca's Lace Sleeveless Mini Dress L Black,$5.99 ,$5.99 ,,,,,,,,,,,
,Goodwill Columbia MO,C0087,Francesca's Lace Sleeveless Mini Dress L Blue,$5.99 ,$5.99 ,,,,,,,,,,,
,Goodwill Columbia MO,C0088,Fabletics 7/8 High Waist Legging Size Est. L,$4.79 ,$4.79 ,,,,,,,,,,,
,Goodwill Columbia MO,C0089,Anthro Akemi + Kin Boho Aztec Sleeveless Top XS,$4.79 ,$4.79 ,,,,,,,,,,,
,Goodwill Columbia MO,C0090,Express Animal Print Purple Blouse Sleeveless Top M,$4.79 ,$4.79 ,,,,,,,,,,,
,Goodwill Columbia MO,C0091,Free People NWT Lace Mock Neck Sheer Sleeveless Ivory Blouse XS,$8.12 ,$8.12 ,,,,,,,,,,,
,Goodwill Columbia MO,C0092,AEO V-Neck Short Sleeve T Shirt Striped XS,$8.12 ,$8.12 ,,,,,,,,,,,
,Goodwill Columbia MO,C0093,alya Francesca's Collections Pillowcase Top XS Paisley Boho,$4.79 ,$4.79 ,,,,,,,,,,,
,Goodwill Columbia MO,C0094,Artisan NY 100% linen vest cardigan S,$4.79 ,$4.79 ,,,,,,,,,,,
,Goodwill Columbia MO,C0095,Athleta Open Back Cross Tie Maroon Tank XS,$8.12 ,$8.12 ,Wearing,,,,,,,,,,
,Goodwill Columbia MO,C0096,Express Floral Sharkbite Halter Top S,$4.79 ,$4.79 ,,,,,,,,,,,
,Goodwill Columbia MO,C0097,Torrid Plus Size Sophie Tan Tank Top 00,$4.79 ,$4.79 ,,,,,,,,,,,
,Goodwill Columbia MO,C0098,Zella Striped Racerback Tank S,$4.79 ,$4.79 ,Wearing,,,,,,,,,,
,Goodwill Columbia MO,C0099,Asics Racerback Abstract Tank L,$4.79 ,$4.79 ,,,,,,,,,,,
,Goodwill Columbia MO,C0100,41 Hawthorn Color Block Sleeveless Semi-Sheer Top M,$4.79 ,$4.79 ,,,,,,,,,,,
,Goodwill Columbia MO,C0101,Zara Knit Tank Striped M,$4.79 ,$4.79 ,,,,,,,,,,,
,Goodwill Columbia MO,C0102,Cabi 356 Geometric Tank M,$4.79 ,$4.79 ,,,,,,,,,,,
,Goodwill Columbia MO,C0103,Lulu's Peach Button Down Short Sleeve Crop Faux Tie S,$3.79 ,$3.79 ,,,,,,,,,,,
,Goodwill Columbia MO,C0104,Aerie Black High Waist Full Length Legging XS,$3.79 ,$3.79 ,,,,,,,,,,,
,Goodwill Columbia MO,C0105,Altar'd State NWT Long Sleeve Boho Blouse S,$3.79 ,$3.79 ,,,,,,,,,,,
,Goodwill Columbia MO,C0106,AEO Semi Sheer Boho Floral Blouse M,$3.79 ,$3.79 ,,,,,,,,,,,
,Goodwill Columbia MO,C0107,Madewell Striped Long Sleeve Blouse S,$3.79 ,$3.79 ,Wearing,,,,,,,,,,
,Goodwill Columbia MO,C0108,Fabletics Powerhold Black Camo High Waist 7/8 Legging Size est. S or M,$3.79 ,$3.79 ,,,,,,,,,,,
,Goodwill Columbia MO,C0109,Zara Basic Chambray 3/4 Sleeve Blouse XS,$3.79 ,$3.79 ,,,,,,,,,,,
,Goodwill Columbia MO,C0110,Zara Basic T Shirt Top Snake Skin Animal Print S,$3.79 ,$3.79 ,,,,,,,,,,,
,Goodwill Columbia MO,C0111,Brooks Semi-Sheer Racerback Starburst Tank S,$3.79 ,$3.79 ,,,,,,,,,,,
,Goodwill Columbia MO,C0112,Free People Cottagecore Floral Embroidered Semi Sheer Tunic Top S,$3.79 ,$3.79 ,,,,,,,,,,,
,Goodwill Columbia MO,C0113,asos animal print long sleeve blouse S,$3.79 ,$3.79 ,,,,,,,,,,,
,Goodwill Columbia MO,C0114,Umgee Paisley Boho Sleeveless Top Tassel L,$3.79 ,$3.79 ,,,,,,,,,,,
,Goodwill Columbia MO,C0115,Anthropologie Floreat tunic short dress plaid embroidered L,$4.99 ,$4.99 ,,,,,,,,,,,
,Goodwill Columbia MO,C0116,asos design one sleeve maxi bodycon dress 0,$4.99 ,$4.99 ,,,,,,,,,,,
,Goodwill Columbia MO,C0117,miami Francesca's racerback ruffle semi sheer mini dress size est S,$4.93 ,$4.93 ,,,,,,,,,,,
,Poshmark,C0118,Madewell 10 High Riser Black Skinny Jeans 28,$31.05 ,$31.05 ,Wearing,,,,,,,,,,
,Poshmark,C0119,We The Free Night Sky Striped T-Shirt S,$19.99 ,$19.99 ,Wearing,,,,,,,,,,
,Poshmark,C0120,Madewell Finale Tank Top S,$19.99 ,$19.99 ,Wearing,,,,,,,,,,
,Poshmark,C0121,Madewell High Riser Skinny Jeans 28,$19.99 ,$19.99 ,Wearing,,,,,,,,,,
,Poshmark,C0122,Anthropologie Floreat Embroidered Dress XS,$57.75 ,$57.75 ,Wearing,,,,,,,,,,
,Poshmark,C0123,Eri+ Ali Anthropologie Velvet Burnout Wrap Dress S,$57.75 ,$57.75 ,Wearing,,,,,,,,,,
,Poshmark,C0124,Anthropologie Tiny tank top SP,$25.60 ,$25.60 ,Wearing,,,,,,,,,,
,Poshmark,C0125,Lululemon tank top 6,$25.60 ,$25.60 ,Wearing,,,,,,,,,,
,Poshmark,C0126,Anthropologie Maeve crop tank top S,$25.60 ,$25.60 ,Wearing,,,,,,,,,,
,Poshmark,C0127,URBAN OUTFITTERS Striped Black and White Cropped Oversized Top S,$24.94 ,$24.94 ,Wearing,,,,,,,,,,
,Poshmark,C0128,ANTHROPOLOGIE Black Crop Top Mock Neck S,$24.94 ,$24.94 ,Wearing,,,,,,,,,,
,Poshmark,C0129,Anthropologie Cloth & Stone Distressed Chambray Crop Tank Top S,$27.44 ,$27.44 ,Wearing,,,,,,,,,,
,Poshmark,C0130,Anthropologie Meadow Rue Majolica Boho Blouse 4,$27.43 ,$27.43 ,Wearing,,,,,,,,,,
,Poshmark,C0131,Free People camisole ribbed bodycon XS,$24.42 ,$24.42 ,Wearing,,,,,,,,,,
,Poshmark,C0132,Free People Embroidered Blouse S,$24.42 ,$24.42 ,Wearing,,,,,,,,,,
,Poshmark,C0133,Anthropologie Maeve Floral Top S,$24.42 ,$24.42 ,Wearing,,,,,,,,,,
,Poshmark,C0134,NWT Super Soft Express Chunky Sweater XS,$35.90 ,$35.90 ,Wearing,,,,,,,,,,
,Poshmark,C0135,NWT Madewell Ashbury Mockneck Sweater S,$35.90 ,$35.90 ,Wearing,,,,,,,,,,
,Poshmark,C0136,NWT Anthropologie Jumpsuit 6,$35.90 ,$35.90 ,Wearing,,,,,,,,,,
,Poshmark,C0137,Madewell High Riser Skinny Jeans 28,$35.90 ,$35.90 ,Wearing,,,,,,,,,,
